ts,side,price,qty,type,ts_ns
1756086289764000000,A,113061.1,0.1001,book,1756086289764000000
1756086289764000000,A,113061.12,0.61178,book,1756086289764000000
1756086290465000000,A,113061.09,0.00101,book,1756086290465000000
1756086290465000000,A,113061.23,0.0,book,1756086290465000000
1756086290565000000,A,113061.08,0.1001,book,1756086290565000000
1756086290565000000,A,113061.1,0.0,book,1756086290565000000
1756086290665000000,A,113061.07,0.0,book,1756086290665000000
1756086290665000000,A,113061.13,0.44853,book,1756086290665000000
1756086290965000000,A,113061.07,0.00111,book,1756086290965000000
1756086290965000000,A,113061.49,0.0,book,1756086290965000000
1756086291065000000,A,113061.06,0.1001,book,1756086291065000000
1756086291065000000,A,113061.08,0.0,book,1756086291065000000
1756086291065000000,A,113061.11,0.61178,book,1756086291065000000
1756086291065000000,A,113061.12,0.0,book,1756086291065000000
1756086291165000000,A,113061.08,0.61178,book,1756086291165000000
1756086291165000000,A,113061.11,0.0,book,1756086291165000000
1756086291766000000,A,140978.35,0.00045,book,1756086291766000000
1756086291866000000,A,113061.05,0.04201,book,1756086291866000000
1756086291966000000,A,113061.04,0.71188,book,1756086291966000000
1756086291966000000,A,113061.06,0.0,book,1756086291966000000
1756086291966000000,A,113061.08,0.0,book,1756086291966000000
1756086292266000000,B,112418.53,0.1224,book,1756086292266000000
1756086292266000000,B,112418.51,0.0,book,1756086292266000000
1756086292266000000,A,113061.03,0.21741,book,1756086292266000000
1756086292266000000,A,113061.15,0.0,book,1756086292266000000
1756086292366000000,B,112418.54,0.09997,book,1756086292366000000
1756086292366000000,B,112418.52,0.0,book,1756086292366000000
1756086292366000000,A,113061.02,0.71188,book,1756086292366000000
1756086292366000000,A,113061.04,0.0,book,1756086292366000000
1756086292867000000,A,113061.01,0.04201,book,1756086292867000000
1756086292867000000,A,113061.05,0.0,book,1756086292867000000
1756086292867000000,A,113061.13,0.0,book,1756086292867000000
1756086292967000000,A,113060.99,0.44853,book,1756086292967000000
1756086292967000000,A,113061.0,0.71188,book,1756086292967000000
1756086292967000000,A,113061.02,0.0,book,1756086292967000000
1756086293067000000,B,112324.02,0.0,book,1756086293067000000
1756086293067000000,A,113060.98,0.71188,book,1756086293067000000
1756086293067000000,A,113061.0,0.0,book,1756086293067000000
1756086293467000000,A,140978.35,0.00045,book,1756086293467000000
1756086293667000000,A,113060.97,0.04224,book,1756086293667000000
1756086293767000000,A,113060.96,0.71188,book,1756086293767000000
1756086293767000000,A,113060.98,0.0,book,1756086293767000000
1756086293867000000,A,113060.95,0.04224,book,1756086293867000000
1756086293867000000,A,113060.97,0.0,book,1756086293867000000
1756086293967000000,A,113060.93,0.04224,book,1756086293967000000
1756086293967000000,A,113060.94,0.71188,book,1756086293967000000
1756086293967000000,A,113060.96,0.0,book,1756086293967000000
1756086293967000000,A,113061.01,0.0,book,1756086293967000000
1756086294068000000,A,113060.92,0.71188,book,1756086294068000000
1756086294068000000,A,113060.94,0.0,book,1756086294068000000
1756086294968000000,A,113060.91,0.04224,book,1756086294968000000
1756086294968000000,A,113060.93,0.0,book,1756086294968000000
1756086294968000000,A,113060.95,0.0,book,1756086294968000000
1756086294968000000,A,140978.35,0.00036,book,1756086294968000000
1756086295068000000,A,113060.9,0.71188,book,1756086295068000000
1756086295068000000,A,113060.92,0.0,book,1756086295068000000
1756086295068000000,A,140978.35,0.00036,book,1756086295068000000
1756086295469000000,B,112285.19,0.05663,book,1756086295469000000
1756086295469000000,A,113060.89,0.00058,book,1756086295469000000
1756086295469000000,A,113061.09,0.0,book,1756086295469000000
1756086295569000000,A,113060.88,0.1001,book,1756086295569000000
1756086295569000000,A,113060.9,0.61178,book,1756086295569000000
1756086295869000000,A,113060.87,0.01776,book,1756086295869000000
1756086295869000000,A,113061.07,0.0,book,1756086295869000000
1756086295869000000,A,140978.35,0.00027,book,1756086295869000000
1756086295969000000,A,113060.85,0.0,book,1756086295969000000
1756086295969000000,A,113060.86,0.71188,book,1756086295969000000
1756086295969000000,A,113060.88,0.0,book,1756086295969000000
1756086295969000000,A,113060.9,0.0,book,1756086295969000000
1756086295969000000,A,113060.91,0.0,book,1756086295969000000
1756086296870000000,A,113061.24,0.0,book,1756086296870000000
1756086296970000000,A,113060.83,0.0255,book,1756086296970000000
1756086296970000000,A,113060.85,0.04224,book,1756086296970000000
1756086296970000000,A,113060.99,0.0,book,1756086296970000000
1756086297070000000,A,113060.82,1.16041,book,1756086297070000000
1756086297070000000,A,113060.86,0.0,book,1756086297070000000
1756086297170000000,A,113060.81,0.04224,book,1756086297170000000
1756086297270000000,A,113060.8,0.71188,book,1756086297270000000
1756086297270000000,A,113060.82,0.44853,book,1756086297270000000
1756086297770000000,A,113060.87,0.0,book,1756086297770000000
1756086298171000000,B,112418.55,0.1224,book,1756086298171000000
1756086298171000000,B,112418.53,0.0,book,1756086298171000000
1756086298171000000,A,113060.79,0.25965,book,1756086298171000000
1756086298171000000,A,113060.81,0.0,book,1756086298171000000
1756086298171000000,A,113060.85,0.0,book,1756086298171000000
1756086298171000000,A,113061.03,0.0,book,1756086298171000000
1756086298271000000,B,112418.56,0.09997,book,1756086298271000000
1756086298271000000,B,112418.54,0.0,book,1756086298271000000
1756086298271000000,A,113060.78,0.71188,book,1756086298271000000
1756086298271000000,A,113060.8,0.0,book,1756086298271000000
1756086298671000000,A,113060.77,0.00111,book,1756086298671000000
1756086298771000000,A,113060.76,0.1001,book,1756086298771000000
1756086298771000000,A,113060.78,0.61178,book,1756086298771000000
1756086299171000000,A,113060.75,0.04231,book,1756086299171000000
1756086299171000000,A,113060.79,0.21741,book,1756086299171000000
1756086299271000000,A,113060.74,0.71188,book,1756086299271000000
1756086299271000000,A,113060.76,0.0,book,1756086299271000000
1756086299271000000,A,113060.78,0.0,book,1756086299271000000
1756086299271000000,A,140978.35,0.00018,book,1756086299271000000
1756086299571000000,A,113060.73,0.00058,book,1756086299571000000
1756086299571000000,A,113060.89,0.0,book,1756086299571000000
1756086299672000000,A,113060.72,0.1001,book,1756086299672000000
1756086299672000000,A,113060.74,0.61178,book,1756086299672000000
1756086300172000000,A,113060.71,0.04231,book,1756086300172000000
1756086300172000000,A,113060.75,0.0,book,1756086300172000000
1756086300272000000,A,113060.7,0.71188,book,1756086300272000000
1756086300272000000,A,113060.72,0.0,book,1756086300272000000
1756086300272000000,A,113060.74,0.0,book,1756086300272000000
1756086300672000000,A,113060.69,0.04181,book,1756086300672000000
1756086300772000000,A,113060.67,0.04012,book,1756086300772000000
1756086300772000000,A,113060.68,0.71188,book,1756086300772000000
1756086300772000000,A,113060.69,0.0,book,1756086300772000000
1756086300772000000,A,113060.7,0.0,book,1756086300772000000
1756086300872000000,A,113060.66,0.71188,book,1756086300872000000
1756086300872000000,A,113060.68,0.0,book,1756086300872000000
1756086301173000000,A,113060.65,0.04012,book,1756086301173000000
1756086301173000000,A,113060.71,0.0,book,1756086301173000000
1756086301173000000,A,113060.82,0.0,book,1756086301173000000
1756086301273000000,A,113060.63,0.44853,book,1756086301273000000
1756086301273000000,A,113060.64,0.71188,book,1756086301273000000
1756086301273000000,A,113060.65,0.0,book,1756086301273000000
1756086301273000000,A,113060.66,0.0,book,1756086301273000000
1756086301373000000,A,113060.62,0.71188,book,1756086301373000000
1756086301373000000,A,113060.64,0.0,book,1756086301373000000
1756086301473000000,A,140978.35,9e-05,book,1756086301473000000
1756086301573000000,B,112549.47,0.09997,book,1756086301573000000
1756086301573000000,B,112418.56,0.0,book,1756086301573000000
1756086302273000000,B,112549.48,0.04,book,1756086302273000000
1756086302273000000,B,112549.46,0.0,book,1756086302273000000
1756086302273000000,A,113060.61,0.04012,book,1756086302273000000
1756086302273000000,A,113060.67,0.0,book,1756086302273000000
1756086302373000000,B,112549.49,0.09997,book,1756086302373000000
1756086302373000000,B,112549.47,0.0,book,1756086302373000000
1756086302373000000,A,113060.6,0.71188,book,1756086302373000000
1756086302373000000,A,113060.62,0.0,book,1756086302373000000
1756086302674000000,A,113060.59,0.04,book,1756086302674000000
1756086302774000000,A,113060.58,0.71188,book,1756086302774000000
1756086302774000000,A,113060.6,0.0,book,1756086302774000000
1756086303074000000,A,140978.35,0.0,book,1756086303074000000
1756086303374000000,A,140978.35,9e-05,book,1756086303374000000
1756086303574000000,B,112500.01,0.1224,book,1756086303574000000
1756086303574000000,B,112418.55,0.0,book,1756086303574000000
1756086303574000000,A,113060.57,0.21799,book,1756086303574000000
1756086303574000000,A,113060.73,0.0,book,1756086303574000000
1756086303574000000,A,113060.79,0.0,book,1756086303574000000
1756086303574000000,A,140978.35,0.00018,book,1756086303574000000
1756086303674000000,B,112549.48,0.0,book,1756086303674000000
1756086303674000000,B,112399.35,0.0,book,1756086303674000000
1756086303674000000,A,113060.56,0.75188,book,1756086303674000000
1756086303674000000,A,113060.58,0.0,book,1756086303674000000
1756086303674000000,A,113060.61,0.0,book,1756086303674000000
1756086303774000000,B,112549.49,0.0,book,1756086303774000000
1756086303774000000,B,112549.43,0.09997,book,1756086303774000000
1756086303774000000,B,112418.57,0.02239,book,1756086303774000000
1756086303875000000,B,112549.44,0.04047,book,1756086303875000000
1756086303875000000,A,113060.55,0.04,book,1756086303875000000
1756086303875000000,A,113060.59,0.0,book,1756086303875000000
1756086303975000000,A,113060.55,0.0,book,1756086303975000000
1756086304075000000,B,112549.45,0.09997,book,1756086304075000000
1756086304075000000,B,112549.43,0.0,book,1756086304075000000
1756086304075000000,A,113060.54,0.71188,book,1756086304075000000
1756086304075000000,A,113060.56,0.04,book,1756086304075000000
1756086304175000000,A,113060.54,0.0,book,1756086304175000000
1756086304175000000,A,113060.55,0.71188,book,1756086304175000000
1756086304675000000,A,113060.54,0.04,book,1756086304675000000
1756086304675000000,A,113060.56,0.0,book,1756086304675000000
1756086304775000000,A,113060.53,0.71188,book,1756086304775000000
1756086304775000000,A,113060.55,0.0,book,1756086304775000000
1756086305375000000,B,112418.57,0.0,book,1756086305375000000
1756086305375000000,A,113060.52,0.00111,book,1756086305375000000
1756086305375000000,A,113060.63,0.0,book,1756086305375000000
1756086305375000000,A,113060.77,0.0,book,1756086305375000000
1756086305475000000,A,113060.5,0.44853,book,1756086305475000000
1756086305475000000,A,113060.51,0.1001,book,1756086305475000000
1756086305475000000,A,113060.53,0.61178,book,1756086305475000000
1756086305576000000,A,113060.49,0.71188,book,1756086305576000000
1756086305576000000,A,113060.51,0.0,book,1756086305576000000
1756086305576000000,A,113060.53,0.0,book,1756086305576000000
1756086305676000000,B,112549.44,0.0,book,1756086305676000000
1756086305676000000,A,113060.48,0.04,book,1756086305676000000
1756086305676000000,A,113060.54,0.0,book,1756086305676000000
1756086305776000000,B,112549.46,0.04047,book,1756086305776000000
1756086305776000000,B,112549.45,0.0,book,1756086305776000000
1756086305776000000,B,112549.43,0.09997,book,1756086305776000000
1756086305776000000,A,113060.47,0.71188,book,1756086305776000000
1756086305776000000,A,113060.49,0.0,book,1756086305776000000
1756086305876000000,B,112549.47,0.09997,book,1756086305876000000
1756086305876000000,B,112549.43,0.0,book,1756086305876000000
1756086305876000000,A,113060.46,0.04,book,1756086305876000000
1756086305976000000,A,113060.45,0.71188,book,1756086305976000000
1756086305976000000,A,113060.47,0.0,book,1756086305976000000
1756086306276000000,A,113060.44,0.00058,book,1756086306276000000
1756086306276000000,A,113060.57,0.21741,book,1756086306276000000
1756086306977000000,A,113060.83,0.0,book,1756086306977000000
1756086307077000000,B,112549.46,0.0,book,1756086307077000000
1756086307077000000,B,112500.02,0.1224,book,1756086307077000000
1756086307077000000,B,112500.01,0.0,book,1756086307077000000
1756086307077000000,A,113060.42,0.04,book,1756086307077000000
1756086307077000000,A,113060.43,0.21741,book,1756086307077000000
1756086307077000000,A,113060.46,0.0,book,1756086307077000000
1756086307077000000,A,113060.48,0.0,book,1756086307077000000
1756086307077000000,A,113060.57,0.0,book,1756086307077000000
1756086307177000000,B,112549.47,0.0,book,1756086307177000000
1756086307177000000,B,112549.43,0.09997,book,1756086307177000000
1756086307177000000,A,113060.12,0.0246,book,1756086307177000000
1756086307177000000,A,113060.41,0.71188,book,1756086307177000000
1756086307177000000,A,113060.45,0.0,book,1756086307177000000
1756086307177000000,A,140978.35,0.00027,book,1756086307177000000
1756086307277000000,A,113060.11,0.71188,book,1756086307277000000
1756086307277000000,A,113060.41,0.0,book,1756086307277000000
1756086307877000000,B,112399.35,0.03284,book,1756086307877000000
1756086308077000000,B,112549.44,0.04047,book,1756086308077000000
1756086308077000000,A,113060.1,0.04,book,1756086308077000000
1756086308077000000,A,113060.42,0.0,book,1756086308077000000
1756086308177000000,B,112549.45,0.09997,book,1756086308177000000
1756086308177000000,B,112549.43,0.0,book,1756086308177000000
1756086308177000000,A,113060.09,0.71299,book,1756086308177000000
1756086308177000000,A,113060.11,0.0,book,1756086308177000000
1756086308177000000,A,113060.52,0.0,book,1756086308177000000
1756086308578000000,A,113060.08,0.00058,book,1756086308578000000
1756086308578000000,A,113060.44,0.0,book,1756086308578000000
1756086309178000000,A,140978.35,0.00036,book,1756086309178000000
1756086309478000000,A,113060.5,0.0,book,1756086309478000000
1756086309578000000,B,112549.44,0.0,book,1756086309578000000
1756086309578000000,A,113060.06,0.04,book,1756086309578000000
1756086309578000000,A,113060.07,0.44853,book,1756086309578000000
1756086309578000000,A,113060.1,0.0,book,1756086309578000000
1756086309678000000,B,112549.46,0.09997,book,1756086309678000000
1756086309678000000,B,112549.45,0.0,book,1756086309678000000
1756086309678000000,B,112549.43,0.0,book,1756086309678000000
1756086309678000000,B,112500.03,0.1224,book,1756086309678000000
1756086309678000000,B,112500.02,0.0,book,1756086309678000000
1756086309678000000,A,113060.04,0.21741,book,1756086309678000000
1756086309678000000,A,113060.05,0.71188,book,1756086309678000000
1756086309678000000,A,113060.09,0.00111,book,1756086309678000000
1756086309678000000,A,113060.43,0.0,book,1756086309678000000
1756086309779000000,B,112549.48,0.04047,book,1756086309779000000
1756086309779000000,B,112549.47,0.09997,book,1756086309779000000
1756086309779000000,B,112549.46,0.0,book,1756086309779000000
1756086309779000000,B,112549.43,0.0,book,1756086309779000000
1756086309779000000,B,112500.03,0.0,book,1756086309779000000
1756086309779000000,B,112500.01,0.1224,book,1756086309779000000
1756086309779000000,A,113060.01,0.04,book,1756086309779000000
1756086309779000000,A,113060.02,0.21741,book,1756086309779000000
1756086309779000000,A,113060.03,0.71188,book,1756086309779000000
1756086309779000000,A,113060.04,0.0,book,1756086309779000000
1756086309779000000,A,113060.05,0.0,book,1756086309779000000
1756086309879000000,B,112549.49,0.09997,book,1756086309879000000
1756086309879000000,B,112549.47,0.0,book,1756086309879000000
1756086309879000000,B,112500.02,0.1224,book,1756086309879000000
1756086309879000000,B,112500.01,0.0,book,1756086309879000000
1756086309879000000,A,113059.99,0.21741,book,1756086309879000000
1756086309879000000,A,113060.0,0.71188,book,1756086309879000000
1756086309879000000,A,113060.02,0.0,book,1756086309879000000
1756086309879000000,A,113060.03,0.0,book,1756086309879000000
1756086309979000000,B,112500.03,0.1224,book,1756086309979000000
1756086309979000000,B,112500.02,0.0,book,1756086309979000000
1756086309979000000,A,113059.97,0.21741,book,1756086309979000000
1756086309979000000,A,113059.98,0.75188,book,1756086309979000000
1756086309979000000,A,113059.99,0.0,book,1756086309979000000
1756086309979000000,A,113060.0,0.0,book,1756086309979000000
1756086309979000000,A,113060.01,0.0,book,1756086309979000000
1756086310079000000,A,113059.96,0.71188,book,1756086310079000000
1756086310079000000,A,113059.98,0.04,book,1756086310079000000
1756086310379000000,A,113059.95,0.00111,book,1756086310379000000
1756086310379000000,A,113060.09,0.0,book,1756086310379000000
1756086310479000000,B,112500.04,0.1224,book,1756086310479000000
1756086310479000000,B,112500.03,0.0,book,1756086310479000000
1756086310479000000,A,113059.93,0.21741,book,1756086310479000000
1756086310479000000,A,113059.94,0.1001,book,1756086310479000000
1756086310479000000,A,113059.96,0.61178,book,1756086310479000000
1756086310479000000,A,113059.97,0.0,book,1756086310479000000
1756086310579000000,A,113059.91,0.0,book,1756086310579000000
1756086310579000000,A,113059.92,0.71188,book,1756086310579000000
1756086310579000000,A,113059.94,0.0,book,1756086310579000000
1756086310579000000,A,113059.96,0.0,book,1756086310579000000
1756086310579000000,A,113060.06,0.0,book,1756086310579000000
1756086310879000000,B,112500.04,0.0,book,1756086310879000000
1756086310879000000,A,113059.91,0.00058,book,1756086310879000000
1756086310879000000,A,113059.93,0.0,book,1756086310879000000
1756086310879000000,A,113060.08,0.0,book,1756086310879000000
1756086310979000000,B,112549.48,0.0,book,1756086310979000000
1756086310979000000,B,112500.05,0.1224,book,1756086310979000000
1756086310979000000,A,113059.89,0.04,book,1756086310979000000
1756086310979000000,A,113059.9,0.21741,book,1756086310979000000
1756086310979000000,A,113059.92,0.0,book,1756086310979000000
1756086310979000000,A,113059.94,0.1001,book,1756086310979000000
1756086310979000000,A,113059.97,0.61178,book,1756086310979000000
1756086310979000000,A,113059.98,0.0,book,1756086310979000000
1756086311079000000,B,112549.49,0.0,book,1756086311079000000
1756086311079000000,B,112549.43,0.09997,book,1756086311079000000
1756086311079000000,A,113059.88,0.71188,book,1756086311079000000
1756086311079000000,A,113059.94,0.0,book,1756086311079000000
1756086311079000000,A,113059.97,0.0,book,1756086311079000000
1756086311180000000,A,140978.35,0.00036,book,1756086311180000000
1756086311280000000,A,140978.35,0.00036,book,1756086311280000000
1756086311580000000,A,140978.35,0.00045,book,1756086311580000000
1756086311980000000,B,112549.44,0.04047,book,1756086311980000000
1756086311980000000,A,113059.87,0.04,book,1756086311980000000
1756086311980000000,A,113059.89,0.0,book,1756086311980000000
1756086312080000000,B,112549.45,0.09997,book,1756086312080000000
1756086312080000000,B,112549.43,0.0,book,1756086312080000000
1756086312080000000,A,113059.86,0.71188,book,1756086312080000000
1756086312080000000,A,113059.88,0.0,book,1756086312080000000
1756086312481000000,B,112500.05,0.0,book,1756086312481000000
1756086312481000000,B,112380.0,0.005,book,1756086312481000000
1756086312481000000,B,112324.0,0.0,book,1756086312481000000
1756086312481000000,B,112268.0,0.0,book,1756086312481000000
1756086312481000000,B,112211.0,0.0,book,1756086312481000000
1756086312481000000,B,112186.0,0.1224,book,1756086312481000000
1756086312481000000,B,112043.0,0.0,book,1756086312481000000
1756086312481000000,B,111998.0,0.2471,book,1756086312481000000
1756086312481000000,B,111970.0,0.30759,book,1756086312481000000
1756086312481000000,B,111942.0,0.29849,book,1756086312481000000
1756086312481000000,B,111914.0,0.10126,book,1756086312481000000
1756086312481000000,B,111874.0,0.0,book,1756086312481000000
1756086312481000000,B,111532.0,0.0,book,1756086312481000000
1756086312481000000,B,111402.0,0.0,book,1756086312481000000
1756086312481000000,B,110587.0,0.0,book,1756086312481000000
1756086312481000000,B,109504.0,0.0,book,1756086312481000000
1756086312481000000,B,109196.0,0.0,book,1756086312481000000
1756086312481000000,A,113059.85,0.09721,book,1756086312481000000
1756086312481000000,A,113059.9,0.0,book,1756086312481000000
1756086312481000000,A,113234.0,0.0,book,1756086312481000000
1756086312481000000,A,113290.0,0.0,book,1756086312481000000
1756086312481000000,A,113347.0,0.0,book,1756086312481000000
1756086312481000000,A,113403.0,0.0,book,1756086312481000000
1756086312481000000,A,113614.0,0.25527,book,1756086312481000000
1756086312481000000,A,113642.0,0.29673,book,1756086312481000000
1756086312481000000,A,113670.0,0.30098,book,1756086312481000000
1756086312481000000,A,113693.0,0.0,book,1756086312481000000
1756086312481000000,A,113698.0,0.09851,book,1756086312481000000
1756086312481000000,A,113819.0,0.0,book,1756086312481000000
1756086312481000000,A,113965.0,0.0,book,1756086312481000000
1756086312481000000,A,114474.0,0.0,book,1756086312481000000
1756086312481000000,A,114895.0,0.0,book,1756086312481000000
1756086312481000000,A,115451.0,0.0,book,1756086312481000000
1756086312481000000,A,117486.0,0.0,book,1756086312481000000
1756086312581000000,A,113059.84,0.71188,book,1756086312581000000
1756086312581000000,A,113059.86,0.0,book,1756086312581000000
1756086312681000000,A,113059.85,0.0,book,1756086312681000000
1756086312781000000,A,113059.83,0.09721,book,1756086312781000000
1756086312781000000,A,113059.84,0.0,book,1756086312781000000
1756086312781000000,A,113059.86,0.71188,book,1756086312781000000
1756086312881000000,B,112549.42,0.0,book,1756086312881000000
1756086312881000000,B,112549.4,0.0,book,1756086312881000000
1756086312881000000,B,112549.28,0.0,book,1756086312881000000
1756086312881000000,A,113059.82,0.71188,book,1756086312881000000
1756086312881000000,A,113059.86,0.0,book,1756086312881000000
1756086312981000000,B,112549.46,0.04047,book,1756086312981000000
1756086312981000000,B,112549.44,0.0,book,1756086312981000000
1756086312981000000,A,113059.81,0.04,book,1756086312981000000
1756086312981000000,A,113059.87,0.0,book,1756086312981000000
1756086313081000000,B,112549.47,0.09997,book,1756086313081000000
1756086313081000000,B,112549.45,0.0,book,1756086313081000000
1756086313081000000,A,113059.8,0.71188,book,1756086313081000000
1756086313081000000,A,113059.82,0.0,book,1756086313081000000
1756086313181000000,A,113059.81,0.04058,book,1756086313181000000
1756086313181000000,A,113059.91,0.0,book,1756086313181000000
1756086313281000000,A,113059.83,0.0,book,1756086313281000000
1756086313381000000,B,112186.0,0.0,book,1756086313381000000
1756086313381000000,B,112173.0,0.1224,book,1756086313381000000
1756086313381000000,B,111816.0,0.10048,book,1756086313381000000
1756086313381000000,A,113059.79,0.09721,book,1756086313381000000
1756086313481000000,B,112174.0,0.0,book,1756086313481000000
1756086313481000000,B,112173.0,0.1224,book,1756086313481000000
1756086313581000000,B,112549.48,0.00033,book,1756086313581000000
1756086313581000000,B,112176.0,0.1224,book,1756086313581000000
1756086313581000000,B,112175.0,0.0,book,1756086313581000000
1756086313581000000,B,112173.0,0.0,book,1756086313581000000
1756086313581000000,A,113059.77,0.09721,book,1756086313581000000
1756086313581000000,A,113059.78,0.71188,book,1756086313581000000
1756086313581000000,A,113059.79,0.0,book,1756086313581000000
1756086313581000000,A,113059.8,0.0,book,1756086313581000000
1756086313581000000,A,113060.07,0.0,book,1756086313581000000
1756086313681000000,B,112176.0,0.0,book,1756086313681000000
1756086313681000000,B,112175.0,0.1224,book,1756086313681000000
1756086313681000000,B,111998.0,0.0,book,1756086313681000000
1756086313681000000,B,111970.0,0.0,book,1756086313681000000
1756086313681000000,B,111942.0,0.0,book,1756086313681000000
1756086313681000000,B,111914.0,0.0,book,1756086313681000000
1756086313681000000,B,111816.0,0.0,book,1756086313681000000
1756086313681000000,A,113059.77,0.44853,book,1756086313681000000
1756086313681000000,A,113614.0,0.0,book,1756086313681000000
1756086313681000000,A,113642.0,0.0,book,1756086313681000000
1756086313681000000,A,113670.0,0.0,book,1756086313681000000
1756086313681000000,A,113698.0,0.0,book,1756086313681000000
1756086313781000000,B,112175.0,0.0,book,1756086313781000000
1756086313781000000,B,112173.0,0.1224,book,1756086313781000000
1756086313781000000,A,113059.74,0.09721,book,1756086313781000000
1756086313781000000,A,113059.75,0.04,book,1756086313781000000
1756086313781000000,A,113059.76,0.71188,book,1756086313781000000
1756086313781000000,A,113059.78,0.0,book,1756086313781000000
1756086313882000000,B,112549.49,0.0077,book,1756086313882000000
1756086313882000000,B,112549.48,0.00935,book,1756086313882000000
1756086313882000000,B,111505.01,0.00258,book,1756086313882000000
1756086313882000000,A,113059.72,0.04,book,1756086313882000000
1756086313882000000,A,113059.73,0.71188,book,1756086313882000000
1756086313882000000,A,113059.75,0.0,book,1756086313882000000
1756086313882000000,A,113059.76,0.0,book,1756086313882000000
1756086313982000000,B,112549.5,0.09997,book,1756086313982000000
1756086313982000000,B,112549.47,0.0,book,1756086313982000000
1756086313982000000,A,113059.71,0.71188,book,1756086313982000000
1756086313982000000,A,113059.73,0.0,book,1756086313982000000
1756086314582000000,B,112549.51,0.04047,book,1756086314582000000
1756086314582000000,B,112549.46,0.0,book,1756086314582000000
1756086314582000000,A,113059.7,0.0,book,1756086314582000000
1756086314582000000,A,113059.81,0.00058,book,1756086314582000000
1756086314682000000,B,112549.52,0.09997,book,1756086314682000000
1756086314682000000,B,112549.5,0.0,book,1756086314682000000
1756086314782000000,A,140978.35,0.00045,book,1756086314782000000
1756086315583000000,B,112549.51,0.0,book,1756086315583000000
1756086315583000000,B,112315.58,0.01827,book,1756086315583000000
1756086315583000000,B,112285.19,0.0,book,1756086315583000000
1756086315583000000,A,113059.7,0.0,book,1756086315583000000
1756086315583000000,A,113059.72,0.0,book,1756086315583000000
1756086315683000000,B,112549.52,0.0,book,1756086315683000000
1756086315683000000,B,112549.5,0.09997,book,1756086315683000000
1756086315683000000,A,113059.71,0.0,book,1756086315683000000
1756086315683000000,A,113059.73,0.71188,book,1756086315683000000
1756086315883000000,B,112549.48,0.00033,book,1756086315883000000
1756086316583000000,B,112549.51,0.04047,book,1756086316583000000
1756086316583000000,A,113059.72,0.04,book,1756086316583000000
1756086316684000000,B,112549.52,0.09997,book,1756086316684000000
1756086316684000000,B,112549.5,0.0,book,1756086316684000000
1756086316684000000,A,113059.71,0.71188,book,1756086316684000000
1756086316684000000,A,113059.73,0.0,book,1756086316684000000
1756086316684000000,A,113059.81,0.0,book,1756086316684000000
1756086316784000000,A,113059.72,0.04058,book,1756086316784000000
1756086317384000000,A,113060.12,0.0,book,1756086317384000000
1756086317484000000,A,113059.64,0.03804,book,1756086317484000000
1756086317484000000,A,140978.35,0.00045,book,1756086317484000000
1756086317584000000,B,112549.53,0.04,book,1756086317584000000
1756086317584000000,B,112549.51,0.0,book,1756086317584000000
1756086317584000000,A,113059.62,0.04078,book,1756086317584000000
1756086317584000000,A,113059.63,0.71188,book,1756086317584000000
1756086317584000000,A,113059.71,0.0,book,1756086317584000000
1756086317584000000,A,113059.72,0.00058,book,1756086317584000000
1756086317684000000,B,112549.54,0.09997,book,1756086317684000000
1756086317684000000,B,112549.52,0.0,book,1756086317684000000
1756086317684000000,A,113059.61,0.71188,book,1756086317684000000
1756086317684000000,A,113059.63,0.0,book,1756086317684000000
1756086317684000000,A,113059.77,0.0,book,1756086317684000000
1756086317784000000,A,113059.6,0.44853,book,1756086317784000000
1756086317884000000,A,113059.59,0.71188,book,1756086317884000000
1756086317884000000,A,113059.61,0.0,book,1756086317884000000
1756086317884000000,A,113062.45,0.0,book,1756086317884000000
1756086317884000000,A,113062.59,0.0,book,1756086317884000000
1756086317884000000,A,113063.49,0.0,book,1756086317884000000
1756086318085000000,B,112549.48,0.0,book,1756086318085000000
1756086318085000000,A,113059.58,0.01776,book,1756086318085000000
1756086318085000000,A,113059.95,0.0,book,1756086318085000000
1756086318185000000,A,113059.57,0.71188,book,1756086318185000000
1756086318185000000,A,113059.59,0.0,book,1756086318185000000
1756086318685000000,B,112549.55,0.04,book,1756086318685000000
1756086318685000000,B,112549.53,0.0,book,1756086318685000000
1756086318685000000,A,113059.56,0.04078,book,1756086318685000000
1756086318685000000,A,113059.62,0.0,book,1756086318685000000
1756086318685000000,A,140978.35,0.00036,book,1756086318685000000
1756086318785000000,B,112549.56,0.09997,book,1756086318785000000
1756086318785000000,B,112549.54,0.0,book,1756086318785000000
1756086318785000000,A,113059.55,0.71188,book,1756086318785000000
1756086318785000000,A,113059.57,0.0,book,1756086318785000000
1756086318885000000,B,112549.57,0.009,book,1756086318885000000
1756086318885000000,B,112203.0,0.1224,book,1756086318885000000
1756086318885000000,B,112173.0,0.0,book,1756086318885000000
1756086318885000000,A,113059.54,0.10569,book,1756086318885000000
1756086318885000000,A,113059.59,0.00814,book,1756086318885000000
1756086318885000000,A,113059.74,0.0,book,1756086318885000000
1756086318985000000,B,112549.58,0.09997,book,1756086318985000000
1756086318985000000,B,112549.56,0.0,book,1756086318985000000
1756086318985000000,A,113059.53,0.71188,book,1756086318985000000
1756086318985000000,A,113059.54,0.10627,book,1756086318985000000
1756086318985000000,A,113059.55,0.0,book,1756086318985000000
1756086318985000000,A,113059.72,0.0,book,1756086318985000000
1756086319185000000,A,140978.35,0.00027,book,1756086319185000000
1756086319686000000,B,112549.55,0.0,book,1756086319686000000
1756086319686000000,A,113059.52,0.0,book,1756086319686000000
1756086319686000000,A,113059.56,0.0,book,1756086319686000000
1756086319886000000,A,140978.35,0.00027,book,1756086319886000000
1756086320386000000,B,112549.59,0.00033,book,1756086320386000000
1756086320686000000,B,112549.59,0.04033,book,1756086320686000000
1756086320686000000,A,113059.52,0.04078,book,1756086320686000000
1756086320786000000,B,112549.6,0.09997,book,1756086320786000000
1756086320786000000,B,112549.58,0.0,book,1756086320786000000
1756086320786000000,A,113059.5,0.04078,book,1756086320786000000
1756086320786000000,A,113059.51,0.71188,book,1756086320786000000
1756086320786000000,A,113059.53,0.0,book,1756086320786000000
1756086320887000000,B,112549.57,0.0,book,1756086320887000000
1756086320887000000,B,112549.49,0.0,book,1756086320887000000
1756086320887000000,A,113059.49,0.71188,book,1756086320887000000
1756086320887000000,A,113059.51,0.0,book,1756086320887000000
1756086321187000000,B,112549.59,0.04,book,1756086321187000000
1756086321687000000,A,113777.0,0.0,book,1756086321687000000
1756086321687000000,A,113777.98,0.0,book,1756086321687000000
1756086321687000000,A,113777.99,0.0,book,1756086321687000000
1756086321787000000,B,112549.59,0.0,book,1756086321787000000
1756086321787000000,A,113059.48,0.04078,book,1756086321787000000
1756086321787000000,A,113059.5,0.0,book,1756086321787000000
1756086321787000000,A,113059.52,0.0,book,1756086321787000000
1756086321887000000,B,112549.62,0.01016,book,1756086321887000000
1756086321887000000,B,112549.61,0.04,book,1756086321887000000
1756086321887000000,B,112549.6,0.0,book,1756086321887000000
1756086321887000000,B,112399.36,0.10515,book,1756086321887000000
1756086321887000000,A,113059.46,0.00473,book,1756086321887000000
1756086321887000000,A,113059.47,0.71188,book,1756086321887000000
1756086321887000000,A,113059.49,0.0,book,1756086321887000000
1756086321887000000,A,113059.6,0.0,book,1756086321887000000
1756086321987000000,B,112549.63,0.09997,book,1756086321987000000
1756086321987000000,B,112399.36,0.00518,book,1756086321987000000
1756086321987000000,A,113059.44,0.44853,book,1756086321987000000
1756086321987000000,A,113059.45,0.71188,book,1756086321987000000
1756086321987000000,A,113059.47,0.0,book,1756086321987000000
1756086322087000000,A,113059.43,0.71188,book,1756086322087000000
1756086322087000000,A,113059.45,0.0,book,1756086322087000000
1756086322288000000,A,140978.35,0.00018,book,1756086322288000000
1756086322888000000,B,112549.64,0.04,book,1756086322888000000
1756086322888000000,B,112549.61,0.0,book,1756086322888000000
1756086322888000000,A,113059.42,0.04078,book,1756086322888000000
1756086322888000000,A,113059.48,0.0,book,1756086322888000000
1756086322988000000,B,112549.65,0.09997,book,1756086322988000000
1756086322988000000,B,112549.63,0.0,book,1756086322988000000
1756086322988000000,A,113059.41,0.71188,book,1756086322988000000
1756086322988000000,A,113059.43,0.0,book,1756086322988000000
1756086323488000000,A,113059.4,0.00058,book,1756086323488000000
1756086323488000000,A,113059.54,0.10569,book,1756086323488000000
1756086323889000000,A,113059.58,0.0,book,1756086323889000000
1756086323889000000,A,113062.14,0.0,book,1756086323889000000
1756086323889000000,A,113062.27,0.0,book,1756086323889000000
1756086323989000000,B,112549.64,0.0,book,1756086323989000000
1756086323989000000,A,113059.39,0.01776,book,1756086323989000000
1756086324089000000,B,112549.65,0.0,book,1756086324089000000
1756086324089000000,B,112549.64,0.04,book,1756086324089000000
1756086324089000000,B,112549.63,0.09997,book,1756086324089000000
1756086324089000000,A,113059.37,0.04147,book,1756086324089000000
1756086324089000000,A,113059.38,0.71188,book,1756086324089000000
1756086324089000000,A,113059.41,0.0,book,1756086324089000000
1756086324089000000,A,113059.42,0.0,book,1756086324089000000
1756086324189000000,B,112549.65,0.09997,book,1756086324189000000
1756086324189000000,B,112549.63,0.0,book,1756086324189000000
1756086324189000000,A,113059.36,0.71188,book,1756086324189000000
1756086324189000000,A,113059.38,0.0,book,1756086324189000000
1756086324289000000,B,112256.0,0.1224,book,1756086324289000000
1756086324289000000,B,112203.0,0.0,book,1756086324289000000
1756086324289000000,A,113059.34,0.09721,book,1756086324289000000
1756086324289000000,A,113059.35,0.04147,book,1756086324289000000
1756086324289000000,A,113059.54,0.00848,book,1756086324289000000
1756086324389000000,A,113059.33,0.71188,book,1756086324389000000
1756086324389000000,A,113059.36,0.0,book,1756086324389000000
1756086324889000000,B,112549.62,0.0,book,1756086324889000000
1756086325190000000,A,140978.35,9e-05,book,1756086325190000000
1756086325290000000,B,112549.66,0.04,book,1756086325290000000
1756086325290000000,B,112549.64,0.0,book,1756086325290000000
1756086325290000000,A,113059.32,0.0,book,1756086325290000000
1756086325290000000,A,113059.35,0.0,book,1756086325290000000
1756086325290000000,A,113059.37,0.0,book,1756086325290000000
1756086325390000000,B,112549.67,0.09997,book,1756086325390000000
1756086325390000000,B,112549.65,0.0,book,1756086325390000000
1756086325690000000,B,112549.68,0.00104,book,1756086325690000000
1756086325790000000,B,112549.69,0.09997,book,1756086325790000000
1756086325790000000,B,112549.67,0.0,book,1756086325790000000
1756086325890000000,B,112549.7,0.00748,book,1756086325890000000
1756086325890000000,B,111505.01,0.00674,book,1756086325890000000
1756086325890000000,A,113059.32,0.00756,book,1756086325890000000
1756086325890000000,A,113059.39,0.02095,book,1756086325890000000
1756086325990000000,B,112549.71,0.09997,book,1756086325990000000
1756086325990000000,B,112549.69,0.0,book,1756086325990000000
1756086325990000000,A,113059.31,0.71188,book,1756086325990000000
1756086325990000000,A,113059.33,0.0,book,1756086325990000000
1756086326090000000,A,113059.44,0.0,book,1756086326090000000
1756086326190000000,A,113059.3,0.44853,book,1756086326190000000
1756086326290000000,B,112549.72,0.04,book,1756086326290000000
1756086326290000000,B,112549.66,0.0,book,1756086326290000000
1756086326290000000,A,113059.28,0.04121,book,1756086326290000000
1756086326290000000,A,113059.29,0.71188,book,1756086326290000000
1756086326290000000,A,113059.31,0.0,book,1756086326290000000
1756086326391000000,B,112549.73,0.09997,book,1756086326391000000
1756086326391000000,B,112549.71,0.0,book,1756086326391000000
1756086326391000000,A,113059.27,0.71188,book,1756086326391000000
1756086326391000000,A,113059.29,0.0,book,1756086326391000000
1756086326591000000,B,112549.68,0.0,book,1756086326591000000
1756086326991000000,A,140978.35,0.00018,book,1756086326991000000
1756086327091000000,A,113059.26,0.00058,book,1756086327091000000
1756086327091000000,A,113059.4,0.0,book,1756086327091000000
1756086327291000000,B,112549.72,0.0,book,1756086327291000000
1756086327391000000,B,112549.73,0.0,book,1756086327391000000
1756086327391000000,B,112549.72,0.04,book,1756086327391000000
1756086327391000000,B,112549.71,0.09997,book,1756086327391000000
1756086327491000000,B,112549.73,0.09997,book,1756086327491000000
1756086327491000000,B,112549.71,0.0,book,1756086327491000000
1756086327591000000,A,113059.64,0.0,book,1756086327591000000
1756086327591000000,A,140978.35,0.00027,book,1756086327591000000
1756086327792000000,B,112257.0,0.1224,book,1756086327792000000
1756086327792000000,B,112256.0,0.0,book,1756086327792000000
1756086327792000000,A,113059.16,0.0378,book,1756086327792000000
1756086327792000000,A,113059.25,0.09721,book,1756086327792000000
1756086327792000000,A,113059.34,0.0,book,1756086327792000000
1756086327892000000,B,112549.7,0.0,book,1756086327892000000
1756086327892000000,A,113059.15,0.71188,book,1756086327892000000
1756086327892000000,A,113059.27,0.0,book,1756086327892000000
1756086328092000000,B,112549.74,0.00033,book,1756086328092000000
1756086328192000000,A,113059.14,0.0424,book,1756086328192000000
1756086328192000000,A,113059.28,0.0,book,1756086328192000000
1756086328292000000,A,113059.13,0.71188,book,1756086328292000000
1756086328292000000,A,113059.15,0.0,book,1756086328292000000
1756086328392000000,A,113059.12,0.0,book,1756086328392000000
1756086328392000000,A,140978.35,0.00018,book,1756086328392000000
1756086328992000000,A,113059.12,0.01776,book,1756086328992000000
1756086328992000000,A,113059.39,0.00319,book,1756086328992000000
1756086329093000000,A,113059.1,0.0424,book,1756086329093000000
1756086329093000000,A,113059.11,0.71188,book,1756086329093000000
1756086329093000000,A,113059.13,0.0,book,1756086329093000000
1756086329193000000,A,113059.09,0.71188,book,1756086329193000000
1756086329193000000,A,113059.11,0.0,book,1756086329193000000
1756086329393000000,B,112549.74,0.0,book,1756086329393000000
1756086329393000000,B,112549.72,0.0,book,1756086329393000000
1756086329393000000,A,113059.08,0.0424,book,1756086329393000000
1756086329393000000,A,113059.14,0.0,book,1756086329393000000
1756086329493000000,B,112549.73,0.0,book,1756086329493000000
1756086329493000000,B,112399.37,0.09997,book,1756086329493000000
1756086329493000000,A,113059.07,0.71188,book,1756086329493000000
1756086329493000000,A,113059.09,0.0,book,1756086329493000000
1756086329693000000,B,112548.14,0.04011,book,1756086329693000000
1756086329693000000,A,113059.06,0.0424,book,1756086329693000000
1756086329693000000,A,113059.08,0.0,book,1756086329693000000
1756086329793000000,B,112548.15,0.09997,book,1756086329793000000
1756086329793000000,B,112399.37,0.0,book,1756086329793000000
1756086329793000000,A,113059.05,0.71188,book,1756086329793000000
1756086329793000000,A,113059.07,0.0,book,1756086329793000000
1756086329893000000,B,112548.16,0.00724,book,1756086329893000000
1756086329993000000,B,112548.17,0.09997,book,1756086329993000000
1756086329993000000,B,112548.15,0.0,book,1756086329993000000
1756086330093000000,A,113059.04,0.0424,book,1756086330093000000
1756086330093000000,A,113059.06,0.0,book,1756086330093000000
1756086330093000000,A,140978.35,0.00027,book,1756086330093000000
1756086330193000000,A,113059.03,0.71188,book,1756086330193000000
1756086330193000000,A,113059.05,0.0,book,1756086330193000000
1756086330193000000,A,113059.3,0.0,book,1756086330193000000
1756086330293000000,B,112257.0,0.0,book,1756086330293000000
1756086330293000000,B,112199.0,0.1224,book,1756086330293000000
1756086330293000000,B,112198.0,0.0,book,1756086330293000000
1756086330293000000,A,113059.01,0.044,book,1756086330293000000
1756086330293000000,A,113059.02,0.09721,book,1756086330293000000
1756086330293000000,A,113059.1,0.0,book,1756086330293000000
1756086330293000000,A,113059.25,0.0,book,1756086330293000000
1756086330393000000,A,113059.0,0.71188,book,1756086330393000000
1756086330393000000,A,113059.03,0.0,book,1756086330393000000
1756086330494000000,A,113058.99,0.44853,book,1756086330494000000
1756086330494000000,A,113059.01,0.0,book,1756086330494000000
1756086330594000000,A,113058.98,0.71188,book,1756086330594000000
1756086330594000000,A,113059.0,0.0,book,1756086330594000000
1756086330694000000,B,112548.14,0.00011,book,1756086330694000000
1756086330694000000,A,113058.97,0.04228,book,1756086330694000000
1756086330794000000,A,113058.96,0.71188,book,1756086330794000000
1756086330794000000,A,113058.98,0.0,book,1756086330794000000
1756086330894000000,B,112548.18,0.00033,book,1756086330894000000
1756086331694000000,B,112548.18,0.04033,book,1756086331694000000
1756086331694000000,A,113058.95,0.04228,book,1756086331694000000
1756086331694000000,A,113058.97,0.0,book,1756086331694000000
1756086331694000000,A,113059.04,0.0,book,1756086331694000000
1756086331694000000,A,113059.26,0.0,book,1756086331694000000
1756086331795000000,B,112548.19,0.09997,book,1756086331795000000
1756086331795000000,B,112548.18,0.04,book,1756086331795000000
1756086331795000000,B,112548.17,0.0,book,1756086331795000000
1756086331795000000,A,113058.94,0.71188,book,1756086331795000000
1756086331795000000,A,113058.95,0.04286,book,1756086331795000000
1756086331795000000,A,113058.96,0.0,book,1756086331795000000
1756086331895000000,B,112548.16,0.0,book,1756086331895000000
1756086331895000000,A,113061.82,0.0,book,1756086331895000000
1756086332295000000,A,113058.93,0.04228,book,1756086332295000000
1756086332395000000,A,113058.92,0.71188,book,1756086332395000000
1756086332395000000,A,113058.94,0.0,book,1756086332395000000
1756086332895000000,B,112548.2,0.00699,book,1756086332895000000
1756086332895000000,A,113058.91,0.0451,book,1756086332895000000
1756086332895000000,A,113058.95,0.00058,book,1756086332895000000
1756086332995000000,B,112548.21,0.09997,book,1756086332995000000
1756086332995000000,B,112548.19,0.0,book,1756086332995000000
1756086332995000000,A,113058.9,0.71188,book,1756086332995000000
1756086332995000000,A,113058.92,0.0,book,1756086332995000000
1756086333596000000,A,140978.35,0.00036,book,1756086333596000000
1756086333696000000,B,112212.0,0.1224,book,1756086333696000000
1756086333696000000,B,112199.0,0.0,book,1756086333696000000
1756086333696000000,A,113058.89,0.09721,book,1756086333696000000
1756086333696000000,A,113059.02,0.0,book,1756086333696000000
1756086333796000000,B,112548.18,0.0,book,1756086333796000000
1756086333796000000,A,113058.87,0.04228,book,1756086333796000000
1756086333796000000,A,113058.88,0.71188,book,1756086333796000000
1756086333796000000,A,113058.9,0.0,book,1756086333796000000
1756086333796000000,A,113058.93,0.0,book,1756086333796000000
1756086333896000000,A,113058.86,0.71188,book,1756086333896000000
1756086333896000000,A,113058.88,0.0,book,1756086333896000000
1756086334396000000,A,113058.85,0.0,book,1756086334396000000
1756086334396000000,A,113058.91,0.00282,book,1756086334396000000
1756086334597000000,A,113058.99,0.0,book,1756086334597000000
1756086334697000000,A,113058.85,0.44853,book,1756086334697000000
1756086334797000000,B,112548.22,0.00611,book,1756086334797000000
1756086334797000000,A,113058.84,0.71188,book,1756086334797000000
1756086334797000000,A,113058.86,0.0,book,1756086334797000000
1756086334897000000,B,112548.23,0.09997,book,1756086334897000000
1756086334897000000,B,112548.21,0.0,book,1756086334897000000
1756086335397000000,B,112548.24,0.04,book,1756086335397000000
1756086335397000000,A,113058.83,0.04228,book,1756086335397000000
1756086335397000000,A,113058.87,0.0,book,1756086335397000000
1756086335397000000,A,140978.35,0.00036,book,1756086335397000000
1756086335497000000,B,112548.25,0.09997,book,1756086335497000000
1756086335497000000,B,112548.23,0.0,book,1756086335497000000
1756086335497000000,A,113058.82,0.71188,book,1756086335497000000
1756086335497000000,A,113058.84,0.0,book,1756086335497000000
1756086335497000000,A,140978.35,0.00036,book,1756086335497000000
1756086335597000000,B,112380.01,0.01826,book,1756086335597000000
1756086335597000000,B,112315.58,0.0,book,1756086335597000000
1756086335597000000,A,113058.81,0.04228,book,1756086335597000000
1756086335697000000,B,112399.35,0.0,book,1756086335697000000
1756086335697000000,B,112228.0,0.1224,book,1756086335697000000
1756086335697000000,B,112212.0,0.0,book,1756086335697000000
1756086335697000000,A,113058.79,0.09721,book,1756086335697000000
1756086335697000000,A,113058.8,0.71188,book,1756086335697000000
1756086335697000000,A,113058.82,0.0,book,1756086335697000000
1756086335697000000,A,113058.89,0.0,book,1756086335697000000
1756086335797000000,A,113058.78,0.71188,book,1756086335797000000
1756086335797000000,A,113058.8,0.0,book,1756086335797000000
1756086335897000000,B,112548.2,0.0,book,1756086335897000000
1756086335897000000,B,112500.01,0.03173,book,1756086335897000000
1756086335897000000,A,113058.77,0.04228,book,1756086335897000000
1756086335897000000,A,113058.81,0.0,book,1756086335897000000
1756086335997000000,A,113058.76,0.71188,book,1756086335997000000
1756086335997000000,A,113058.78,0.0,book,1756086335997000000
1756086336098000000,A,113058.75,0.04228,book,1756086336098000000
1756086336098000000,A,113058.77,0.0,book,1756086336098000000
1756086336198000000,B,112548.22,0.0,book,1756086336198000000
1756086336198000000,A,113058.74,0.71188,book,1756086336198000000
1756086336198000000,A,113058.76,0.0,book,1756086336198000000
1756086336298000000,A,140978.35,0.00045,book,1756086336298000000
1756086336698000000,B,112548.26,0.00044,book,1756086336698000000
1756086336698000000,A,113058.73,0.04307,book,1756086336698000000
1756086336698000000,A,113058.83,0.0,book,1756086336698000000
1756086336798000000,A,113058.72,0.71188,book,1756086336798000000
1756086336798000000,A,113058.74,0.0,book,1756086336798000000
1756086337599000000,B,112548.26,0.0,book,1756086337599000000
1756086337699000000,B,112548.26,0.04,book,1756086337699000000
1756086337699000000,B,112548.24,0.0,book,1756086337699000000
1756086337699000000,A,113058.71,0.04352,book,1756086337699000000
1756086337699000000,A,113058.73,0.0,book,1756086337699000000
1756086337699000000,A,113058.75,0.0,book,1756086337699000000
1756086337799000000,B,112548.27,0.09997,book,1756086337799000000
1756086337799000000,B,112548.25,0.0,book,1756086337799000000
1756086337799000000,A,113058.7,0.71188,book,1756086337799000000
1756086337799000000,A,113058.72,0.0,book,1756086337799000000
1756086337799000000,A,113059.16,0.0,book,1756086337799000000
1756086337899000000,B,111508.24,0.0027,book,1756086337899000000
1756086337999000000,B,112548.28,0.00457,book,1756086337999000000
1756086337999000000,A,113058.56,0.02749,book,1756086337999000000
1756086337999000000,A,113058.69,0.0441,book,1756086337999000000
1756086337999000000,A,113058.95,0.0,book,1756086337999000000
1756086338099000000,B,112548.29,0.09997,book,1756086338099000000
1756086338099000000,B,112548.27,0.0,book,1756086338099000000
1756086338099000000,A,113058.55,0.71188,book,1756086338099000000
1756086338099000000,A,113058.7,0.0,book,1756086338099000000
1756086338199000000,A,140978.35,0.00045,book,1756086338199000000
1756086338800000000,A,113058.85,0.0,book,1756086338800000000
1756086338900000000,B,112548.3,0.04,book,1756086338900000000
1756086338900000000,B,112548.26,0.0,book,1756086338900000000
1756086338900000000,A,113058.53,0.0,book,1756086338900000000
1756086338900000000,A,113058.54,0.44853,book,1756086338900000000
1756086338900000000,A,113058.71,0.0,book,1756086338900000000
1756086339000000000,B,112548.31,0.09997,book,1756086339000000000
1756086339000000000,B,112548.29,0.0,book,1756086339000000000
1756086339000000000,A,113058.53,0.71188,book,1756086339000000000
1756086339000000000,A,113058.55,0.0,book,1756086339000000000
1756086339200000000,A,113058.52,0.04352,book,1756086339200000000
1756086339200000000,A,113058.69,0.00058,book,1756086339200000000
1756086339300000000,A,113058.51,0.71188,book,1756086339300000000
1756086339300000000,A,113058.53,0.0,book,1756086339300000000
1756086339400000000,A,113058.5,0.04352,book,1756086339400000000
1756086339500000000,A,113058.49,0.71188,book,1756086339500000000
1756086339500000000,A,113058.51,0.0,book,1756086339500000000
1756086340401000000,B,112548.32,0.04,book,1756086340401000000
1756086340401000000,B,112548.3,0.0,book,1756086340401000000
1756086340401000000,A,113058.48,0.04352,book,1756086340401000000
1756086340401000000,A,113058.5,0.0,book,1756086340401000000
1756086340401000000,A,113058.52,0.0,book,1756086340401000000
1756086340501000000,B,112548.33,0.09997,book,1756086340501000000
1756086340501000000,B,112548.31,0.0,book,1756086340501000000
1756086340501000000,A,113058.47,0.71188,book,1756086340501000000
1756086340501000000,A,113058.49,0.0,book,1756086340501000000
1756086340701000000,B,112548.34,0.00033,book,1756086340701000000
1756086341001000000,A,113058.46,0.04352,book,1756086341001000000
1756086341101000000,A,113058.45,0.71188,book,1756086341101000000
1756086341101000000,A,113058.47,0.0,book,1756086341101000000
1756086341401000000,A,140978.35,0.00045,book,1756086341401000000
1756086342002000000,B,112548.34,0.0,book,1756086342002000000
1756086342002000000,A,113058.44,0.04352,book,1756086342002000000
1756086342002000000,A,113058.46,0.0,book,1756086342002000000
1756086342002000000,A,113058.48,0.0,book,1756086342002000000
1756086342102000000,A,113058.43,0.71188,book,1756086342102000000
1756086342102000000,A,113058.45,0.0,book,1756086342102000000
1756086343003000000,B,112548.34,0.04,book,1756086343003000000
1756086343003000000,B,112548.32,0.0,book,1756086343003000000
1756086343003000000,A,113058.42,0.04352,book,1756086343003000000
1756086343003000000,A,113058.44,0.0,book,1756086343003000000
1756086343003000000,A,113058.54,0.0,book,1756086343003000000
1756086343103000000,B,112548.35,0.09997,book,1756086343103000000
1756086343103000000,B,112548.33,0.0,book,1756086343103000000
1756086343103000000,A,113058.4,0.44853,book,1756086343103000000
1756086343103000000,A,113058.41,0.71188,book,1756086343103000000
1756086343103000000,A,113058.43,0.0,book,1756086343103000000
1756086343103000000,A,140978.35,0.00036,book,1756086343103000000
1756086343203000000,A,113058.39,0.71188,book,1756086343203000000
1756086343203000000,A,113058.41,0.0,book,1756086343203000000
1756086343303000000,A,113058.38,0.04352,book,1756086343303000000
1756086343303000000,A,140978.35,0.00027,book,1756086343303000000
1756086343403000000,A,113058.37,0.71188,book,1756086343403000000
1756086343403000000,A,113058.39,0.0,book,1756086343403000000
1756086343703000000,A,113058.36,0.04352,book,1756086343703000000
1756086343703000000,A,113058.38,0.0,book,1756086343703000000
1756086343803000000,A,113058.35,0.71188,book,1756086343803000000
1756086343803000000,A,113058.37,0.0,book,1756086343803000000
1756086343903000000,A,113058.34,0.04352,book,1756086343903000000
1756086343903000000,A,113058.36,0.0,book,1756086343903000000
1756086344003000000,A,113058.33,0.71188,book,1756086344003000000
1756086344003000000,A,113058.35,0.0,book,1756086344003000000
1756086344304000000,A,140978.35,0.00027,book,1756086344304000000
1756086344704000000,B,112548.36,0.00117,book,1756086344704000000
1756086344704000000,A,113058.32,0.04352,book,1756086344704000000
1756086344704000000,A,113058.42,0.0,book,1756086344704000000
1756086344804000000,B,112548.37,0.09997,book,1756086344804000000
1756086344804000000,B,112548.35,0.0,book,1756086344804000000
1756086344804000000,A,113058.31,0.71188,book,1756086344804000000
1756086344804000000,A,113058.33,0.0,book,1756086344804000000
1756086345605000000,B,112548.34,0.0,book,1756086345605000000
1756086345605000000,A,113058.3,0.04106,book,1756086345605000000
1756086345605000000,A,113058.34,0.0,book,1756086345605000000
1756086345705000000,A,113058.29,0.71188,book,1756086345705000000
1756086345705000000,A,113058.31,0.0,book,1756086345705000000
1756086345905000000,B,112548.38,0.04,book,1756086345905000000
1756086345905000000,A,113058.32,0.0,book,1756086345905000000
1756086346005000000,B,112548.39,0.09997,book,1756086346005000000
1756086346005000000,B,112548.37,0.0,book,1756086346005000000
1756086346005000000,A,113058.28,0.04106,book,1756086346005000000
1756086346005000000,A,140978.35,0.00018,book,1756086346005000000
1756086346105000000,A,113058.27,0.71188,book,1756086346105000000
1756086346105000000,A,113058.29,0.0,book,1756086346105000000
1756086346205000000,A,113058.26,0.04106,book,1756086346205000000
1756086346205000000,A,113058.28,0.0,book,1756086346205000000
1756086346305000000,A,113058.25,0.71188,book,1756086346305000000
1756086346305000000,A,113058.27,0.0,book,1756086346305000000
1756086346705000000,B,112269.0,0.1224,book,1756086346705000000
1756086346705000000,B,112228.0,0.0,book,1756086346705000000
1756086346705000000,A,113058.35,0.09721,book,1756086346705000000
1756086346705000000,A,113058.79,0.0,book,1756086346705000000
1756086346906000000,B,112548.28,0.0,book,1756086346906000000
1756086346906000000,B,112399.36,0.0,book,1756086346906000000
1756086346906000000,A,113058.24,0.04106,book,1756086346906000000
1756086346906000000,A,113058.3,0.0,book,1756086346906000000
1756086347006000000,B,112548.38,0.0,book,1756086347006000000
1756086347006000000,A,113058.22,0.04106,book,1756086347006000000
1756086347006000000,A,113058.23,0.71188,book,1756086347006000000
1756086347006000000,A,113058.24,0.00086,book,1756086347006000000
1756086347006000000,A,113058.25,0.0,book,1756086347006000000
1756086347006000000,A,113058.69,0.0,book,1756086347006000000
1756086347106000000,B,112548.39,0.0,book,1756086347106000000
1756086347106000000,B,112548.37,0.09997,book,1756086347106000000
1756086347106000000,A,113058.21,0.71188,book,1756086347106000000
1756086347106000000,A,113058.23,0.0,book,1756086347106000000
1756086347106000000,A,113058.4,0.0,book,1756086347106000000
1756086347206000000,A,113058.21,1.16041,book,1756086347206000000
1756086347906000000,B,112548.38,0.0078,book,1756086347906000000
1756086348006000000,B,112548.39,0.09997,book,1756086348006000000
1756086348006000000,B,112548.37,0.0,book,1756086348006000000
1756086348006000000,A,113058.2,0.0,book,1756086348006000000
1756086348006000000,A,113058.22,0.0,book,1756086348006000000
1756086348006000000,A,113058.26,0.0,book,1756086348006000000
1756086348106000000,A,113058.56,0.0,book,1756086348106000000
1756086348407000000,B,112269.01,0.1224,book,1756086348407000000
1756086348407000000,B,112269.0,0.0,book,1756086348407000000
1756086348407000000,A,113057.85,0.00259,book,1756086348407000000
1756086348507000000,A,113057.84,0.71188,book,1756086348507000000
1756086348507000000,A,113058.21,0.44853,book,1756086348507000000
1756086348807000000,A,113057.83,0.04106,book,1756086348807000000
1756086348907000000,A,113057.82,0.71188,book,1756086348907000000
1756086348907000000,A,113057.84,0.0,book,1756086348907000000
1756086349007000000,B,112548.4,0.04,book,1756086349007000000
1756086349007000000,A,113057.81,0.0,book,1756086349007000000
1756086349107000000,B,112548.41,0.09997,book,1756086349107000000
1756086349107000000,B,112548.39,0.0,book,1756086349107000000
1756086349608000000,A,140978.35,9e-05,book,1756086349608000000
1756086349908000000,B,112548.38,0.0,book,1756086349908000000
1756086350608000000,B,112548.4,0.0,book,1756086350608000000
1756086350608000000,A,113057.81,0.0418,book,1756086350608000000
1756086350708000000,B,112548.41,0.0,book,1756086350708000000
1756086350708000000,B,112548.37,0.09997,book,1756086350708000000
1756086350708000000,A,113057.8,0.71188,book,1756086350708000000
1756086350708000000,A,113057.82,0.0,book,1756086350708000000
1756086350908000000,B,112548.38,0.00764,book,1756086350908000000
1756086350908000000,B,111515.17,0.00216,book,1756086350908000000
1756086351009000000,B,112548.39,0.09997,book,1756086351009000000
1756086351009000000,B,112548.37,0.0,book,1756086351009000000
1756086351109000000,A,140978.35,0.00027,book,1756086351109000000
1756086351309000000,A,113058.21,0.0,book,1756086351309000000
1756086351409000000,A,113057.79,0.44853,book,1756086351409000000
1756086351509000000,A,113057.78,0.71188,book,1756086351509000000
1756086351509000000,A,113057.8,0.0,book,1756086351509000000
1756086351609000000,A,113057.77,0.0423,book,1756086351609000000
1756086351609000000,A,113057.83,0.0,book,1756086351609000000
1756086351709000000,A,113057.76,0.71188,book,1756086351709000000
1756086351709000000,A,113057.78,0.0,book,1756086351709000000
1756086351909000000,A,113057.75,0.0423,book,1756086351909000000
1756086351909000000,A,113057.77,0.0433,book,1756086351909000000
1756086352009000000,A,113057.74,0.71188,book,1756086352009000000
1756086352009000000,A,113057.76,0.0,book,1756086352009000000
1756086352610000000,A,140978.35,0.00018,book,1756086352610000000
1756086352710000000,A,113057.73,0.0,book,1756086352710000000
1756086352710000000,A,113057.77,0.001,book,1756086352710000000
1756086353911000000,A,113057.73,0.04349,book,1756086353911000000
1756086353911000000,A,113057.75,0.0,book,1756086353911000000
1756086354011000000,A,113057.72,0.71188,book,1756086354011000000
1756086354011000000,A,113057.74,0.0,book,1756086354011000000
1756086354211000000,A,113057.71,0.04349,book,1756086354211000000
1756086354311000000,A,113057.7,0.71188,book,1756086354311000000
1756086354311000000,A,113057.72,0.0,book,1756086354311000000
1756086354411000000,B,112285.19,0.1224,book,1756086354411000000
1756086354411000000,B,112269.01,0.0,book,1756086354411000000
1756086354411000000,A,113057.69,0.09721,book,1756086354411000000
1756086354411000000,A,113058.35,0.0,book,1756086354411000000
1756086354411000000,A,140978.35,0.00027,book,1756086354411000000
1756086354511000000,A,113057.68,0.71188,book,1756086354511000000
1756086354511000000,A,113057.7,0.0,book,1756086354511000000
1756086354911000000,B,112548.38,0.0,book,1756086354911000000
1756086355011000000,B,112548.39,0.0,book,1756086355011000000
1756086355011000000,B,112548.38,0.04,book,1756086355011000000
1756086355011000000,B,112548.37,0.09997,book,1756086355011000000
1756086355011000000,A,113057.67,0.04349,book,1756086355011000000
1756086355011000000,A,113057.73,0.0,book,1756086355011000000
1756086355112000000,B,112548.39,0.09997,book,1756086355112000000
1756086355112000000,B,112548.37,0.0,book,1756086355112000000
1756086355112000000,A,113057.66,0.71188,book,1756086355112000000
1756086355112000000,A,113057.68,0.0,book,1756086355112000000
1756086355612000000,A,113057.79,0.0,book,1756086355612000000
1756086355712000000,B,112399.35,0.01825,book,1756086355712000000
1756086355712000000,B,112380.01,0.0,book,1756086355712000000
1756086355712000000,A,113057.65,0.44853,book,1756086355712000000
1756086355812000000,A,113057.64,0.71188,book,1756086355812000000
1756086355812000000,A,113057.66,0.0,book,1756086355812000000
1756086356012000000,B,112548.4,0.04,book,1756086356012000000
1756086356012000000,B,112548.38,0.0,book,1756086356012000000
1756086356012000000,A,113057.63,0.04349,book,1756086356012000000
1756086356012000000,A,113057.67,0.0,book,1756086356012000000
1756086356012000000,A,113057.71,0.0,book,1756086356012000000
1756086356112000000,B,112548.41,0.09997,book,1756086356112000000
1756086356112000000,B,112548.39,0.0,book,1756086356112000000
1756086356112000000,A,113057.61,0.04349,book,1756086356112000000
1756086356112000000,A,113057.62,0.71188,book,1756086356112000000
1756086356112000000,A,113057.64,0.0,book,1756086356112000000
1756086356212000000,A,113057.6,0.71188,book,1756086356212000000
1756086356212000000,A,113057.62,0.0,book,1756086356212000000
1756086356713000000,A,113057.59,0.04349,book,1756086356713000000
1756086356713000000,A,113057.61,0.0,book,1756086356713000000
1756086356813000000,A,113057.58,0.71188,book,1756086356813000000
1756086356813000000,A,113057.6,0.0,book,1756086356813000000
1756086356913000000,B,112548.42,0.00395,book,1756086356913000000
1756086356913000000,B,111508.23,0.00435,book,1756086356913000000
1756086357013000000,B,112548.43,0.09997,book,1756086357013000000
1756086357013000000,B,112548.41,0.0,book,1756086357013000000
1756086357613000000,A,140978.35,0.00036,book,1756086357613000000
1756086357713000000,B,112548.44,0.04,book,1756086357713000000
1756086357713000000,B,112548.4,0.0,book,1756086357713000000
1756086357713000000,A,113057.57,0.0,book,1756086357713000000
1756086357713000000,A,113057.59,0.0,book,1756086357713000000
1756086357713000000,A,113057.63,0.0,book,1756086357713000000
1756086357813000000,B,112548.45,0.09997,book,1756086357813000000
1756086357813000000,B,112548.43,0.0,book,1756086357813000000
1756086357813000000,A,113057.58,0.0,book,1756086357813000000
1756086357813000000,A,113057.64,0.71188,book,1756086357813000000
1756086358414000000,A,113057.85,0.0,book,1756086358414000000
1756086358514000000,A,113057.14,0.00254,book,1756086358514000000
1756086358614000000,A,113057.13,0.71188,book,1756086358614000000
1756086358614000000,A,113057.64,0.0,book,1756086358614000000
1756086358714000000,B,112548.44,0.0,book,1756086358714000000
1756086358714000000,A,113057.12,0.04349,book,1756086358714000000
1756086358714000000,A,113057.63,0.00227,book,1756086358714000000
1756086358714000000,A,113058.24,0.0,book,1756086358714000000
1756086358814000000,B,112548.45,0.0,book,1756086358814000000
1756086358814000000,B,112548.43,0.09997,book,1756086358814000000
1756086358814000000,A,113057.11,0.71188,book,1756086358814000000
1756086358814000000,A,113057.13,0.0,book,1756086358814000000
1756086359315000000,B,112548.44,0.04,book,1756086359315000000
1756086359315000000,A,113057.1,0.04349,book,1756086359315000000
1756086359315000000,A,140978.35,0.00036,book,1756086359315000000
1756086359415000000,B,112548.45,0.09997,book,1756086359415000000
1756086359415000000,B,112548.43,0.0,book,1756086359415000000
1756086359415000000,A,113057.09,0.71188,book,1756086359415000000
1756086359415000000,A,113057.11,0.0,book,1756086359415000000
1756086359515000000,A,140978.35,0.00036,book,1756086359515000000
1756086359715000000,A,113057.65,0.0,book,1756086359715000000
1756086359815000000,A,113057.08,0.44853,book,1756086359815000000
1756086359915000000,A,113057.07,0.75537,book,1756086359915000000
1756086359915000000,A,113057.09,0.0,book,1756086359915000000
1756086359915000000,A,113057.12,0.0,book,1756086359915000000
1756086360315000000,B,112285.2,0.1224,book,1756086360315000000
1756086360315000000,B,112285.19,0.0,book,1756086360315000000
1756086360315000000,A,113057.06,0.09721,book,1756086360315000000
1756086360315000000,A,113057.69,0.0,book,1756086360315000000
1756086360415000000,A,113057.05,0.71188,book,1756086360415000000
1756086360415000000,A,113057.07,0.04349,book,1756086360415000000
1756086360415000000,A,140978.35,0.00045,book,1756086360415000000
1756086360816000000,B,112548.44,0.0,book,1756086360816000000
1756086360816000000,A,113057.04,0.04008,book,1756086360816000000
1756086360816000000,A,113057.1,0.0,book,1756086360816000000
1756086360916000000,B,112548.45,0.0,book,1756086360916000000
1756086360916000000,B,112548.44,0.04,book,1756086360916000000
1756086360916000000,B,112548.43,0.09997,book,1756086360916000000
1756086360916000000,B,112548.42,0.0,book,1756086360916000000
1756086360916000000,A,113057.03,0.71188,book,1756086360916000000
1756086360916000000,A,113057.04,0.0,book,1756086360916000000
1756086360916000000,A,113057.05,0.0,book,1756086360916000000
1756086361016000000,B,112548.45,0.09997,book,1756086361016000000
1756086361016000000,B,112548.43,0.0,book,1756086361016000000
1756086361016000000,A,113057.03,0.0,book,1756086361016000000
1756086361016000000,A,113057.05,0.71188,book,1756086361016000000
1756086361316000000,A,113057.07,0.0,book,1756086361316000000
1756086361416000000,A,113057.63,0.0,book,1756086361416000000
1756086361516000000,A,113057.04,0.00227,book,1756086361516000000
1756086361616000000,A,113057.02,0.04008,book,1756086361616000000
1756086361616000000,A,113057.03,0.71188,book,1756086361616000000
1756086361616000000,A,113057.05,0.0,book,1756086361616000000
1756086361716000000,A,113057.01,0.71188,book,1756086361716000000
1756086361716000000,A,113057.03,0.0,book,1756086361716000000
1756086361916000000,B,112548.46,0.00367,book,1756086361916000000
1756086361916000000,A,113057.0,0.04008,book,1756086361916000000
1756086362016000000,B,112548.47,0.09997,book,1756086362016000000
1756086362016000000,B,112548.45,0.0,book,1756086362016000000
1756086362016000000,A,113056.99,0.71188,book,1756086362016000000
1756086362016000000,A,113057.01,0.0,book,1756086362016000000
1756086362517000000,A,140978.35,0.00045,book,1756086362517000000
1756086362817000000,B,112548.44,0.0,book,1756086362817000000
1756086362817000000,B,112500.01,0.0,book,1756086362817000000
1756086362817000000,A,113056.98,0.04008,book,1756086362817000000
1756086362817000000,A,113057.02,0.0,book,1756086362817000000
1756086362917000000,B,112548.48,0.04,book,1756086362917000000
1756086362917000000,A,113056.96,0.04008,book,1756086362917000000
1756086362917000000,A,113056.97,0.71188,book,1756086362917000000
1756086362917000000,A,113056.99,0.0,book,1756086362917000000
1756086362917000000,A,113057.0,0.0,book,1756086362917000000
1756086363017000000,B,112548.49,0.09997,book,1756086363017000000
1756086363017000000,B,112548.47,0.0,book,1756086363017000000
1756086363017000000,B,112548.46,0.0282,book,1756086363017000000
1756086363017000000,B,112315.58,0.1224,book,1756086363017000000
1756086363017000000,B,112285.2,0.0,book,1756086363017000000
1756086363017000000,A,113056.95,0.71188,book,1756086363017000000
1756086363017000000,A,113056.97,0.0,book,1756086363017000000
1756086363117000000,A,113056.94,0.04008,book,1756086363117000000
1756086363117000000,A,113056.96,0.0,book,1756086363117000000
1756086363217000000,B,112315.58,0.0,book,1756086363217000000
1756086363217000000,A,113056.93,0.71188,book,1756086363217000000
1756086363217000000,A,113056.95,0.0,book,1756086363217000000
1756086363317000000,B,112548.5,0.00149,book,1756086363317000000
1756086363317000000,B,112258.0,0.0,book,1756086363317000000
1756086363317000000,B,112234.0,0.0,book,1756086363317000000
1756086363317000000,A,113057.81,0.0,book,1756086363317000000
1756086363317000000,A,113277.0,0.1202,book,1756086363317000000
1756086363417000000,B,112548.51,0.09997,book,1756086363417000000
1756086363417000000,B,112548.49,0.0,book,1756086363417000000
1756086363417000000,B,112218.0,0.1224,book,1756086363417000000
1756086363417000000,B,112206.0,0.0,book,1756086363417000000
1756086363417000000,B,112205.0,0.0,book,1756086363417000000
1756086363417000000,A,113056.92,0.04008,book,1756086363417000000
1756086363417000000,A,113056.94,0.0,book,1756086363417000000
1756086363417000000,A,113148.74,0.0,book,1756086363417000000
1756086363417000000,A,113266.72,0.0001,book,1756086363417000000
1756086363517000000,B,112218.0,0.0,book,1756086363517000000
1756086363517000000,B,112174.0,0.1224,book,1756086363517000000
1756086363517000000,A,113056.91,0.71188,book,1756086363517000000
1756086363517000000,A,113056.93,0.0,book,1756086363517000000
1756086363618000000,A,113056.9,0.04008,book,1756086363618000000
1756086363618000000,A,113056.92,0.0,book,1756086363618000000
1756086363718000000,A,113056.89,0.71188,book,1756086363718000000
1756086363718000000,A,113056.91,0.0,book,1756086363718000000
1756086363918000000,B,112548.46,0.02453,book,1756086363918000000
1756086363918000000,A,113057.08,0.0,book,1756086363918000000
1756086364018000000,B,112548.48,0.0,book,1756086364018000000
1756086364018000000,A,113056.87,0.04008,book,1756086364018000000
1756086364018000000,A,113056.88,0.44853,book,1756086364018000000
1756086364018000000,A,113056.98,0.0,book,1756086364018000000
1756086364118000000,A,113056.86,0.71188,book,1756086364118000000
1756086364118000000,A,113056.89,0.0,book,1756086364118000000
1756086364618000000,B,112548.52,0.04,book,1756086364618000000
1756086364618000000,A,113056.85,0.04008,book,1756086364618000000
1756086364618000000,A,113056.87,0.0,book,1756086364618000000
1756086364718000000,B,112548.53,0.09997,book,1756086364718000000
1756086364718000000,B,112548.51,0.0,book,1756086364718000000
1756086364718000000,A,113056.84,0.71188,book,1756086364718000000
1756086364718000000,A,113056.86,0.0,book,1756086364718000000
1756086364818000000,B,112184.0,0.1224,book,1756086364818000000
1756086364818000000,B,112174.0,0.0,book,1756086364818000000
1756086364818000000,A,113057.06,0.0,book,1756086364818000000
1756086364818000000,A,113188.0,0.09721,book,1756086364818000000
1756086364918000000,B,112187.0,0.1224,book,1756086364918000000
1756086364918000000,B,112184.0,0.0,book,1756086364918000000
1756086365019000000,A,113056.83,0.0,book,1756086365019000000
1756086365019000000,A,113056.9,0.0,book,1756086365019000000
1756086365119000000,B,112187.0,0.0,book,1756086365119000000
1756086365119000000,B,112029.0,0.1224,book,1756086365119000000
1756086365119000000,B,111718.0,0.2471,book,1756086365119000000
1756086365119000000,B,111690.0,0.30759,book,1756086365119000000
1756086365119000000,B,111661.0,0.29849,book,1756086365119000000
1756086365119000000,B,111633.0,0.10126,book,1756086365119000000
1756086365119000000,B,111464.0,0.10067,book,1756086365119000000
1756086365119000000,A,113277.0,0.0,book,1756086365119000000
1756086365119000000,A,113530.0,0.1202,book,1756086365119000000
1756086365119000000,A,113891.0,0.25527,book,1756086365119000000
1756086365119000000,A,113920.0,0.29673,book,1756086365119000000
1756086365119000000,A,113948.0,0.30098,book,1756086365119000000
1756086365119000000,A,114061.0,0.0996,book,1756086365119000000
1756086365319000000,B,112067.0,0.1224,book,1756086365319000000
1756086365319000000,B,112029.0,0.0,book,1756086365319000000
1756086365719000000,A,113056.84,0.61178,book,1756086365719000000
1756086365719000000,A,113064.22,0.1001,book,1756086365719000000
1756086365719000000,A,140978.35,0.00045,book,1756086365719000000
1756086365819000000,B,112548.52,0.0,book,1756086365819000000
1756086365819000000,A,113056.85,0.0,book,1756086365819000000
1756086365919000000,B,112548.54,0.00409,book,1756086365919000000
1756086365919000000,A,113056.84,0.0,book,1756086365919000000
1756086365919000000,A,113056.87,0.61178,book,1756086365919000000
1756086366019000000,B,112548.55,0.09997,book,1756086366019000000
1756086366019000000,B,112548.53,0.0,book,1756086366019000000
1756086366720000000,B,112548.56,0.04,book,1756086366720000000
1756086366720000000,A,113056.86,0.04015,book,1756086366720000000
1756086366820000000,B,112548.57,0.09997,book,1756086366820000000
1756086366820000000,B,112548.55,0.0,book,1756086366820000000
1756086366820000000,A,113056.85,0.61178,book,1756086366820000000
1756086366820000000,A,113056.87,0.0,book,1756086366820000000
1756086366820000000,A,113063.49,0.1001,book,1756086366820000000
1756086366820000000,A,113064.22,0.0,book,1756086366820000000
1756086366920000000,A,140978.35,0.00036,book,1756086366920000000
1756086367620000000,A,140978.35,0.00027,book,1756086367620000000
1756086367720000000,B,112548.58,0.04,book,1756086367720000000
1756086367720000000,B,112548.56,0.0,book,1756086367720000000
1756086367720000000,A,113056.84,0.04015,book,1756086367720000000
1756086367720000000,A,113056.86,0.0,book,1756086367720000000
1756086367821000000,B,112548.59,0.09997,book,1756086367821000000
1756086367821000000,B,112548.57,0.0,book,1756086367821000000
1756086367821000000,A,113056.83,0.61178,book,1756086367821000000
1756086367821000000,A,113056.85,0.0,book,1756086367821000000
1756086368021000000,A,113056.88,0.0,book,1756086368021000000
1756086368121000000,A,113056.82,0.44853,book,1756086368121000000
1756086368221000000,A,113056.81,0.61178,book,1756086368221000000
1756086368221000000,A,113056.83,0.0,book,1756086368221000000
1756086368321000000,A,140978.35,0.00027,book,1756086368321000000
1756086368621000000,A,113057.14,0.0,book,1756086368621000000
1756086368721000000,B,112548.6,0.04,book,1756086368721000000
1756086368721000000,B,112548.58,0.0,book,1756086368721000000
1756086368721000000,A,113056.42,0.00254,book,1756086368721000000
1756086368721000000,A,113056.8,0.04015,book,1756086368721000000
1756086368721000000,A,113056.84,0.0,book,1756086368721000000
1756086368821000000,B,112548.61,0.09997,book,1756086368821000000
1756086368821000000,B,112548.59,0.0,book,1756086368821000000
1756086368821000000,A,113056.41,0.61178,book,1756086368821000000
1756086368821000000,A,113056.81,0.0,book,1756086368821000000
1756086369021000000,A,113056.4,0.04015,book,1756086369021000000
1756086369121000000,A,113056.39,0.61178,book,1756086369121000000
1756086369121000000,A,113056.41,0.0,book,1756086369121000000
1756086369221000000,B,112072.0,0.1224,book,1756086369221000000
1756086369221000000,B,112067.0,0.0,book,1756086369221000000
1756086369822000000,B,112548.6,0.0,book,1756086369822000000
1756086369822000000,A,113056.38,0.0,book,1756086369822000000
1756086369822000000,A,113056.8,0.0,book,1756086369822000000
1756086369922000000,B,111505.01,0.00416,book,1756086369922000000
1756086370022000000,B,112548.62,0.09997,book,1756086370022000000
1756086370022000000,B,112548.61,0.0,book,1756086370022000000
1756086370022000000,B,112548.56,0.04,book,1756086370022000000
1756086370022000000,B,112548.55,0.0,book,1756086370022000000
1756086370022000000,A,113056.81,0.1001,book,1756086370022000000
1756086370022000000,A,113059.31,0.0,book,1756086370022000000
1756086370022000000,A,113063.49,0.0,book,1756086370022000000
1756086370022000000,A,140978.35,0.00018,book,1756086370022000000
1756086370122000000,B,112548.62,0.0,book,1756086370122000000
1756086370122000000,B,112548.57,0.09997,book,1756086370122000000
1756086370122000000,A,113056.4,0.0,book,1756086370122000000
1756086370222000000,A,113056.38,0.61178,book,1756086370222000000
1756086370222000000,A,113056.39,0.0,book,1756086370222000000
1756086370222000000,A,113056.41,0.0,book,1756086370222000000
1756086370322000000,A,113056.38,0.0,book,1756086370322000000
1756086370322000000,A,113056.4,0.04104,book,1756086370322000000
1756086370322000000,A,113056.41,0.61178,book,1756086370322000000
1756086370422000000,A,113056.39,0.61178,book,1756086370422000000
1756086370422000000,A,113056.41,0.0,book,1756086370422000000
1756086370723000000,B,112285.19,0.1224,book,1756086370723000000
1756086370723000000,B,112072.0,0.0,book,1756086370723000000
1756086370723000000,B,111981.0,0.2471,book,1756086370723000000
1756086370723000000,B,111896.0,0.10126,book,1756086370723000000
1756086370723000000,B,111727.0,0.10067,book,1756086370723000000
1756086370723000000,B,111718.0,0.0,book,1756086370723000000
1756086370723000000,B,111633.0,0.0,book,1756086370723000000
1756086370723000000,B,111464.0,0.0,book,1756086370723000000
1756086370723000000,A,113267.0,0.1202,book,1756086370723000000
1756086370723000000,A,113530.0,0.0,book,1756086370723000000
1756086370723000000,A,113627.0,0.25527,book,1756086370723000000
1756086370723000000,A,113796.0,0.0996,book,1756086370723000000
1756086370723000000,A,113891.0,0.0,book,1756086370723000000
1756086370723000000,A,114061.0,0.0,book,1756086370723000000
1756086370823000000,B,112548.58,0.00283,book,1756086370823000000
1756086370923000000,A,113056.38,0.04104,book,1756086370923000000
1756086371023000000,B,112548.59,0.09997,book,1756086371023000000
1756086371023000000,B,112548.57,0.0,book,1756086371023000000
1756086371023000000,A,113056.37,0.61178,book,1756086371023000000
1756086371023000000,A,113056.39,0.0,book,1756086371023000000
1756086371123000000,B,112548.56,0.0,book,1756086371123000000
1756086371123000000,A,113056.36,0.04104,book,1756086371123000000
1756086371123000000,A,113056.38,0.0,book,1756086371123000000
1756086371223000000,B,112548.6,0.04,book,1756086371223000000
1756086371223000000,A,113056.34,0.04104,book,1756086371223000000
1756086371223000000,A,113056.35,0.61178,book,1756086371223000000
1756086371223000000,A,113056.36,0.0,book,1756086371223000000
1756086371223000000,A,113056.37,0.0,book,1756086371223000000
1756086371323000000,B,112548.61,0.09997,book,1756086371323000000
1756086371323000000,B,112548.59,0.0,book,1756086371323000000
1756086371323000000,A,113056.33,0.61178,book,1756086371323000000
1756086371323000000,A,113056.35,0.0,book,1756086371323000000
1756086371423000000,A,113056.32,0.04104,book,1756086371423000000
1756086371423000000,A,113056.4,0.0,book,1756086371423000000
1756086371523000000,A,113056.31,0.61178,book,1756086371523000000
1756086371523000000,A,113056.33,0.0,book,1756086371523000000
1756086371823000000,B,112285.19,0.0,book,1756086371823000000
1756086371823000000,B,112285.0,0.0,book,1756086371823000000
1756086371823000000,B,112264.0,0.1224,book,1756086371823000000
1756086371823000000,B,111957.0,0.30759,book,1756086371823000000
1756086371823000000,B,111690.0,0.0,book,1756086371823000000
1756086371823000000,A,113056.31,0.0,book,1756086371823000000
1756086371823000000,A,113056.8,0.71188,book,1756086371823000000
1756086371823000000,A,113056.81,0.0,book,1756086371823000000
1756086371823000000,A,113651.0,0.29673,book,1756086371823000000
1756086371823000000,A,113920.0,0.0,book,1756086371823000000
1756086371923000000,B,112548.54,0.0,book,1756086371923000000
1756086371923000000,A,113056.3,0.04104,book,1756086371923000000
1756086371923000000,A,113056.31,0.71188,book,1756086371923000000
1756086371923000000,A,113056.32,0.0,book,1756086371923000000
1756086371923000000,A,113056.8,0.0,book,1756086371923000000
1756086372024000000,A,113056.29,0.71188,book,1756086372024000000
1756086372024000000,A,113056.31,0.0,book,1756086372024000000
1756086372224000000,A,113056.82,0.0,book,1756086372224000000
1756086372324000000,A,113056.28,0.44853,book,1756086372324000000
1756086372424000000,A,113056.27,0.71188,book,1756086372424000000
1756086372424000000,A,113056.29,0.0,book,1756086372424000000
1756086372824000000,B,112548.6,0.0,book,1756086372824000000
1756086372824000000,A,113056.26,0.04115,book,1756086372824000000
1756086372824000000,A,113056.34,0.0,book,1756086372824000000
1756086372924000000,B,112548.61,0.0,book,1756086372924000000
1756086372924000000,B,112548.59,0.09997,book,1756086372924000000
1756086372924000000,A,113056.25,0.71188,book,1756086372924000000
1756086372924000000,A,113056.27,0.0,book,1756086372924000000
1756086373625000000,A,140978.35,9e-05,book,1756086373625000000
1756086373825000000,B,112548.6,0.00382,book,1756086373825000000
1756086373825000000,A,113056.24,0.0,book,1756086373825000000
1756086373825000000,A,113056.26,0.0,book,1756086373825000000
1756086373825000000,A,113056.3,0.0,book,1756086373825000000
1756086373925000000,B,112548.61,0.09997,book,1756086373925000000
1756086373925000000,B,112548.59,0.0,book,1756086373925000000
1756086373925000000,A,113056.25,0.0,book,1756086373925000000
1756086373925000000,A,113056.27,0.71188,book,1756086373925000000
1756086374225000000,A,113056.26,0.04108,book,1756086374225000000
1756086374325000000,A,113056.25,0.71188,book,1756086374325000000
1756086374325000000,A,113056.27,0.0,book,1756086374325000000
1756086374425000000,A,140978.35,0.00018,book,1756086374425000000
1756086375126000000,B,112264.0,0.0,book,1756086375126000000
1756086375126000000,B,112256.0,0.1224,book,1756086375126000000
1756086375226000000,A,113056.24,0.0,book,1756086375226000000
1756086375426000000,B,112548.62,0.04,book,1756086375426000000
1756086375426000000,A,113056.26,0.0,book,1756086375426000000
1756086375526000000,B,112548.63,0.09997,book,1756086375526000000
1756086375526000000,B,112548.61,0.0,book,1756086375526000000
1756086375526000000,A,113056.25,0.0,book,1756086375526000000
1756086375526000000,A,113056.26,0.04108,book,1756086375526000000
1756086375526000000,A,113056.27,0.71188,book,1756086375526000000
1756086375626000000,A,113056.25,0.71188,book,1756086375626000000
1756086375626000000,A,113056.27,0.0,book,1756086375626000000
1756086375726000000,A,113056.24,0.0,book,1756086375726000000
1756086375726000000,A,140978.35,0.00027,book,1756086375726000000
1756086375826000000,A,113059.54,0.0,book,1756086375826000000
1756086375826000000,A,113059.59,0.0,book,1756086375826000000
1756086376327000000,A,113056.28,0.0,book,1756086376327000000
1756086376327000000,A,140978.35,0.00018,book,1756086376327000000
1756086376427000000,B,112548.62,0.0,book,1756086376427000000
1756086376427000000,A,113056.23,0.04108,book,1756086376427000000
1756086376427000000,A,113056.24,0.44853,book,1756086376427000000
1756086376527000000,B,112548.64,0.09997,book,1756086376527000000
1756086376527000000,B,112548.63,0.0,book,1756086376527000000
1756086376527000000,B,112548.61,0.0,book,1756086376527000000
1756086376527000000,A,113056.22,0.71188,book,1756086376527000000
1756086376527000000,A,113056.25,0.0,book,1756086376527000000
1756086376627000000,B,112548.64,0.0,book,1756086376627000000
1756086376627000000,B,112548.61,0.09997,book,1756086376627000000
1756086376727000000,B,112548.62,0.04,book,1756086376727000000
1756086376727000000,A,113056.21,0.04108,book,1756086376727000000
1756086376727000000,A,113056.26,0.0,book,1756086376727000000
1756086376827000000,B,112548.63,0.09997,book,1756086376827000000
1756086376827000000,B,112548.61,0.0,book,1756086376827000000
1756086376827000000,A,113056.18,0.00769,book,1756086376827000000
1756086376827000000,A,113056.19,0.04108,book,1756086376827000000
1756086376827000000,A,113056.2,0.71188,book,1756086376827000000
1756086376827000000,A,113056.21,0.0,book,1756086376827000000
1756086376827000000,A,113056.22,0.0,book,1756086376827000000
1756086376827000000,A,113056.41,0.00763,book,1756086376827000000
1756086376927000000,B,112266.0,0.1224,book,1756086376927000000
1756086376927000000,B,112256.0,0.0,book,1756086376927000000
1756086376927000000,A,113056.17,0.71188,book,1756086376927000000
1756086376927000000,A,113056.2,0.0,book,1756086376927000000
1756086377327000000,A,113056.16,0.0,book,1756086377327000000
1756086377327000000,A,113056.19,0.0,book,1756086377327000000
1756086377628000000,A,113056.23,0.0,book,1756086377628000000
1756086378128000000,A,140978.35,0.00027,book,1756086378128000000
1756086378328000000,B,112548.64,0.04,book,1756086378328000000
1756086378328000000,B,112548.62,0.0,book,1756086378328000000
1756086378328000000,A,113056.16,0.04226,book,1756086378328000000
1756086378328000000,A,118774.99,0.00212,book,1756086378328000000
1756086378428000000,B,112548.65,0.09997,book,1756086378428000000
1756086378428000000,B,112548.63,0.0,book,1756086378428000000
1756086378428000000,A,113056.15,0.71188,book,1756086378428000000
1756086378428000000,A,113056.17,0.0,book,1756086378428000000
1756086378828000000,A,113056.14,0.04226,book,1756086378828000000
1756086378828000000,A,113056.42,0.0,book,1756086378828000000
1756086378828000000,A,113059.46,0.0,book,1756086378828000000
1756086378929000000,A,113056.13,0.71188,book,1756086378929000000
1756086378929000000,A,113056.15,0.0,book,1756086378929000000
1756086379129000000,A,113055.35,0.00249,book,1756086379129000000
1756086379229000000,A,113055.34,0.71188,book,1756086379229000000
1756086379229000000,A,113056.13,0.0,book,1756086379229000000
1756086379429000000,B,112548.64,0.0,book,1756086379429000000
1756086379429000000,A,113055.33,0.0,book,1756086379429000000
1756086379429000000,A,113056.16,0.0,book,1756086379429000000
1756086379529000000,B,112548.65,0.0,book,1756086379529000000
1756086379529000000,B,112548.61,0.09997,book,1756086379529000000
1756086379929000000,A,113055.33,0.00611,book,1756086379929000000
1756086380029000000,A,113055.32,0.71188,book,1756086380029000000
1756086380029000000,A,113055.34,0.0,book,1756086380029000000
1756086380229000000,A,113056.14,0.0,book,1756086380229000000
1756086380330000000,B,112548.62,0.04,book,1756086380330000000
1756086380330000000,A,113055.31,0.04226,book,1756086380330000000
1756086380430000000,B,112548.63,0.09997,book,1756086380430000000
1756086380430000000,B,112548.61,0.0,book,1756086380430000000
1756086380430000000,A,113055.3,0.71188,book,1756086380430000000
1756086380430000000,A,113055.32,0.0,book,1756086380430000000
1756086380530000000,A,113056.24,0.0,book,1756086380530000000
1756086380630000000,A,113055.28,0.04226,book,1756086380630000000
1756086380630000000,A,113055.29,0.44853,book,1756086380630000000
1756086380730000000,A,113055.27,0.71188,book,1756086380730000000
1756086380730000000,A,113055.3,0.0,book,1756086380730000000
1756086381030000000,B,112271.0,0.1224,book,1756086381030000000
1756086381030000000,B,112266.0,0.0,book,1756086381030000000
1756086381130000000,A,113055.26,0.0,book,1756086381130000000
1756086381130000000,A,113055.28,0.0,book,1756086381130000000
1756086381230000000,A,113055.27,0.0,book,1756086381230000000
1756086381230000000,A,113055.28,0.71188,book,1756086381230000000
1756086381530000000,B,112548.62,0.0,book,1756086381530000000
1756086381530000000,A,113055.27,0.04226,book,1756086381530000000
1756086381530000000,A,113055.31,0.0,book,1756086381530000000
1756086381630000000,B,112548.63,0.0,book,1756086381630000000
1756086381630000000,B,112548.61,0.09997,book,1756086381630000000
1756086381630000000,A,113055.26,0.71188,book,1756086381630000000
1756086381630000000,A,113055.28,0.0,book,1756086381630000000
1756086381831000000,B,111505.01,0.0,book,1756086381831000000
1756086381831000000,A,113059.32,0.0,book,1756086381831000000
1756086381831000000,A,113059.39,0.0,book,1756086381831000000
1756086382031000000,A,140978.35,0.00036,book,1756086382031000000
1756086382231000000,A,113055.25,0.0,book,1756086382231000000
1756086382931000000,A,140978.35,0.00036,book,1756086382931000000
1756086383232000000,B,112548.62,0.04,book,1756086383232000000
1756086383232000000,A,113055.25,0.04226,book,1756086383232000000
1756086383232000000,A,113055.27,0.0,book,1756086383232000000
1756086383332000000,B,112548.63,0.09997,book,1756086383332000000
1756086383332000000,B,112548.61,0.0,book,1756086383332000000
1756086383332000000,A,113055.24,0.71188,book,1756086383332000000
1756086383332000000,A,113055.26,0.0,book,1756086383332000000
1756086383532000000,A,140978.35,0.00036,book,1756086383532000000
1756086383832000000,B,112548.64,0.00403,book,1756086383832000000
1756086383832000000,A,113055.22,0.00868,book,1756086383832000000
1756086383832000000,A,113055.23,0.04105,book,1756086383832000000
1756086383832000000,A,113055.28,0.00269,book,1756086383832000000
1756086383932000000,B,112548.65,0.09997,book,1756086383932000000
1756086383932000000,B,112548.63,0.0,book,1756086383932000000
1756086383932000000,A,113055.21,0.71188,book,1756086383932000000
1756086383932000000,A,113055.24,0.0,book,1756086383932000000
1756086384232000000,A,140978.35,0.00045,book,1756086384232000000
1756086384633000000,A,113055.29,0.0,book,1756086384633000000
1756086384733000000,B,112548.62,0.0,book,1756086384733000000
1756086384733000000,A,113055.2,0.04105,book,1756086384733000000
1756086384733000000,A,113055.21,1.16041,book,1756086384733000000
1756086384733000000,A,113055.25,0.0,book,1756086384733000000
1756086384833000000,B,112548.66,0.04,book,1756086384833000000
1756086384833000000,A,113055.18,0.0,book,1756086384833000000
1756086384833000000,A,113055.19,0.71188,book,1756086384833000000
1756086384833000000,A,113055.2,0.0,book,1756086384833000000
1756086384833000000,A,113055.21,0.44853,book,1756086384833000000
1756086384933000000,B,112548.67,0.09997,book,1756086384933000000
1756086384933000000,B,112548.65,0.0,book,1756086384933000000
1756086384933000000,A,113055.19,0.0,book,1756086384933000000
1756086384933000000,A,113055.2,0.71188,book,1756086384933000000
1756086385433000000,A,113059.12,0.0,book,1756086385433000000
1756086385833000000,B,112548.66,0.0,book,1756086385833000000
1756086385833000000,A,113055.19,0.0,book,1756086385833000000
1756086385833000000,A,113055.23,0.0,book,1756086385833000000
1756086385934000000,B,112548.67,0.0,book,1756086385934000000
1756086385934000000,B,112548.65,0.09997,book,1756086385934000000
1756086386434000000,A,140978.35,0.00045,book,1756086386434000000
1756086386734000000,B,112548.65,0.0,book,1756086386734000000
1756086386734000000,A,113055.2,0.0,book,1756086386734000000
1756086386734000000,A,113266.72,0.0,book,1756086386734000000
1756086386834000000,B,112548.64,0.04403,book,1756086386834000000
1756086386834000000,A,113055.0,0.04347,book,1756086386834000000
1756086387034000000,B,112315.58,0.1224,book,1756086387034000000
1756086387034000000,B,112271.0,0.0,book,1756086387034000000
1756086387034000000,B,111986.0,0.29849,book,1756086387034000000
1756086387034000000,B,111661.0,0.0,book,1756086387034000000
1756086387034000000,A,113075.87,0.09721,book,1756086387034000000
1756086387034000000,A,113188.0,0.0,book,1756086387034000000
1756086387034000000,A,113620.0,0.30341,book,1756086387034000000
1756086387034000000,A,113948.0,0.0,book,1756086387034000000
1756086387835000000,B,112548.64,0.00403,book,1756086387835000000
1756086388836000000,B,112548.64,0.04403,book,1756086388836000000
1756086388836000000,A,113055.21,0.0,book,1756086388836000000
1756086388836000000,A,113058.91,0.0,book,1756086388836000000
1756086388936000000,B,112548.65,0.09997,book,1756086388936000000
1756086388936000000,A,113054.99,1.16041,book,1756086388936000000
1756086388936000000,A,113269.74,0.0001,book,1756086388936000000
1756086389136000000,A,113054.98,0.0432,book,1756086389136000000
1756086389136000000,A,113055.0,0.00056,book,1756086389136000000
1756086389136000000,A,113055.35,0.0,book,1756086389136000000
1756086389236000000,A,113054.97,0.71188,book,1756086389236000000
1756086389236000000,A,113054.99,0.44853,book,1756086389236000000
1756086389336000000,A,113054.85,0.00249,book,1756086389336000000
1756086389436000000,B,112548.66,0.00108,book,1756086389436000000
1756086389436000000,B,112548.36,0.0,book,1756086389436000000
1756086389436000000,A,113054.84,0.61178,book,1756086389436000000
1756086389436000000,A,113054.97,0.0,book,1756086389436000000
1756086389436000000,A,113063.49,0.1001,book,1756086389436000000
1756086389536000000,B,112548.67,0.09997,book,1756086389536000000
1756086389536000000,B,112548.65,0.0,book,1756086389536000000
1756086389636000000,A,113054.83,0.04226,book,1756086389636000000
1756086389736000000,A,113054.82,0.61178,book,1756086389736000000
1756086389736000000,A,113054.84,0.0,book,1756086389736000000
1756086389836000000,A,113054.81,0.00263,book,1756086389836000000
1756086389836000000,A,140978.35,0.00045,book,1756086389836000000
1756086389937000000,B,112548.64,0.00403,book,1756086389937000000
1756086389937000000,A,113054.8,0.61178,book,1756086389937000000
1756086389937000000,A,113054.82,0.0,book,1756086389937000000
1756086390237000000,A,113063.49,0.0,book,1756086390237000000
1756086390237000000,A,113075.86,0.1001,book,1756086390237000000
1756086390437000000,A,113054.79,0.04226,book,1756086390437000000
1756086390437000000,A,113054.98,0.0,book,1756086390437000000
1756086390537000000,A,113054.78,0.61178,book,1756086390537000000
1756086390537000000,A,113054.8,0.0,book,1756086390537000000
1756086390737000000,A,140978.35,0.00036,book,1756086390737000000
1756086391137000000,A,113054.77,0.0,book,1756086391137000000
1756086391137000000,A,113054.83,0.0,book,1756086391137000000
1756086391237000000,A,140978.35,0.00027,book,1756086391237000000
1756086392138000000,B,112548.68,0.04,book,1756086392138000000
1756086392138000000,A,113054.77,0.0432,book,1756086392138000000
1756086392138000000,A,113054.79,0.0,book,1756086392138000000
1756086392238000000,B,112548.69,0.09997,book,1756086392238000000
1756086392238000000,B,112548.67,0.0,book,1756086392238000000
1756086392238000000,A,113054.76,0.61178,book,1756086392238000000
1756086392238000000,A,113054.78,0.0,book,1756086392238000000
1756086392739000000,A,140978.35,0.00027,book,1756086392739000000
1756086392939000000,B,112362.0,0.1224,book,1756086392939000000
1756086392939000000,B,112315.58,0.0,book,1756086392939000000
1756086393039000000,B,112362.0,0.0,book,1756086393039000000
1756086393039000000,B,112324.0,0.1224,book,1756086393039000000
1756086393039000000,A,113054.99,0.0,book,1756086393039000000
1756086393139000000,B,112548.7,0.04,book,1756086393139000000
1756086393139000000,B,112548.68,0.0,book,1756086393139000000
1756086393139000000,A,113054.74,0.0435,book,1756086393139000000
1756086393139000000,A,113054.75,0.49203,book,1756086393139000000
1756086393139000000,A,113054.77,0.0,book,1756086393139000000
1756086393239000000,B,112548.71,0.09997,book,1756086393239000000
1756086393239000000,B,112548.69,0.0,book,1756086393239000000
1756086393239000000,A,113054.73,0.61178,book,1756086393239000000
1756086393239000000,A,113054.76,0.0,book,1756086393239000000
1756086393439000000,B,112327.0,0.1224,book,1756086393439000000
1756086393439000000,B,112324.0,0.0,book,1756086393439000000
1756086393539000000,B,112331.0,0.1224,book,1756086393539000000
1756086393539000000,B,112327.0,0.0,book,1756086393539000000
1756086393539000000,A,113054.72,0.0435,book,1756086393539000000
1756086393539000000,A,113054.74,0.0,book,1756086393539000000
1756086393639000000,A,113054.71,0.61178,book,1756086393639000000
1756086393639000000,A,113054.73,0.0,book,1756086393639000000
1756086393839000000,B,111508.24,0.0,book,1756086393839000000
1756086394540000000,B,112548.7,0.0,book,1756086394540000000
1756086394640000000,B,112548.72,0.04,book,1756086394640000000
1756086394640000000,A,113054.7,0.0,book,1756086394640000000
1756086394640000000,A,113054.72,0.0,book,1756086394640000000
1756086394640000000,A,113054.75,0.44853,book,1756086394640000000
1756086394640000000,A,140978.35,0.00018,book,1756086394640000000
1756086394740000000,B,112548.73,0.09997,book,1756086394740000000
1756086394740000000,B,112548.71,0.0,book,1756086394740000000
1756086394740000000,A,113054.71,0.0,book,1756086394740000000
1756086394740000000,A,113054.74,0.61178,book,1756086394740000000
1756086394840000000,B,112548.74,0.00268,book,1756086394840000000
1756086394940000000,B,112548.75,0.09997,book,1756086394940000000
1756086394940000000,B,112548.73,0.0,book,1756086394940000000
1756086395641000000,B,112548.76,0.04,book,1756086395641000000
1756086395641000000,B,112548.72,0.0,book,1756086395641000000
1756086395641000000,A,113054.73,0.04377,book,1756086395641000000
1756086395741000000,B,112548.77,0.09997,book,1756086395741000000
1756086395741000000,B,112548.75,0.0,book,1756086395741000000
1756086395741000000,A,113054.72,0.61178,book,1756086395741000000
1756086395741000000,A,113054.74,0.0,book,1756086395741000000
1756086396141000000,A,113054.71,0.04377,book,1756086396141000000
1756086396241000000,A,113054.7,0.61178,book,1756086396241000000
1756086396241000000,A,113054.72,0.0,book,1756086396241000000
1756086397142000000,B,112548.76,0.0,book,1756086397142000000
1756086397142000000,A,113054.69,0.04249,book,1756086397142000000
1756086397142000000,A,113054.71,0.0,book,1756086397142000000
1756086397142000000,A,113054.73,0.0,book,1756086397142000000
1756086397142000000,A,113054.75,0.0,book,1756086397142000000
1756086397242000000,A,113054.68,0.61178,book,1756086397242000000
1756086397242000000,A,113054.7,0.0,book,1756086397242000000
1756086397342000000,A,113054.67,0.44853,book,1756086397342000000
1756086397442000000,A,113054.66,0.61178,book,1756086397442000000
1756086397442000000,A,113054.68,0.0,book,1756086397442000000
1756086398142000000,B,112548.78,0.04,book,1756086398142000000
1756086398142000000,A,113054.65,0.0,book,1756086398142000000
1756086398142000000,A,113054.69,0.0,book,1756086398142000000
1756086398142000000,A,113075.86,0.0,book,1756086398142000000
1756086398142000000,A,113107.62,0.1001,book,1756086398142000000
1756086398142000000,A,140978.35,9e-05,book,1756086398142000000
1756086398243000000,B,112548.79,0.09997,book,1756086398243000000
1756086398243000000,B,112548.77,0.0,book,1756086398243000000
1756086398443000000,B,112548.66,0.0,book,1756086398443000000
1756086398543000000,A,113075.86,0.1001,book,1756086398543000000
1756086398543000000,A,113107.62,0.0,book,1756086398543000000
1756086398843000000,A,140978.35,0.00027,book,1756086398843000000
1756086399143000000,B,112548.78,0.0,book,1756086399143000000
1756086399143000000,A,113054.65,0.04214,book,1756086399143000000
1756086399243000000,B,112548.8,0.04,book,1756086399243000000
1756086399243000000,A,113054.64,0.61178,book,1756086399243000000
1756086399243000000,A,113054.66,0.0,book,1756086399243000000
1756086399343000000,B,112548.81,0.1003,book,1756086399343000000
1756086399343000000,B,112548.79,0.0,book,1756086399343000000
1756086399343000000,A,113054.85,0.0,book,1756086399343000000
1756086399544000000,A,113054.23,0.00244,book,1756086399544000000
1756086399644000000,A,113054.22,0.61178,book,1756086399644000000
1756086399644000000,A,113054.64,0.0,book,1756086399644000000
1756086399744000000,A,113054.21,0.04214,book,1756086399744000000
1756086399844000000,A,113054.2,0.61178,book,1756086399844000000
1756086399844000000,A,113054.22,0.0,book,1756086399844000000
1756086399944000000,A,113054.19,0.04214,book,1756086399944000000
1756086399944000000,A,113054.21,0.0,book,1756086399944000000
1756086400044000000,A,113054.18,0.61178,book,1756086400044000000
1756086400044000000,A,113054.2,0.0,book,1756086400044000000
1756086400945000000,B,112548.82,0.04,book,1756086400945000000
1756086400945000000,B,112548.8,0.0,book,1756086400945000000
1756086400945000000,A,113054.17,0.04303,book,1756086400945000000
1756086400945000000,A,113054.19,0.0,book,1756086400945000000
1756086400945000000,A,113054.65,0.0,book,1756086400945000000
1756086401045000000,B,112548.83,0.09997,book,1756086401045000000
1756086401045000000,B,112548.81,0.00033,book,1756086401045000000
1756086401045000000,A,113054.16,0.61178,book,1756086401045000000
1756086401045000000,A,113054.18,0.0,book,1756086401045000000
1756086401145000000,B,112548.84,0.00119,book,1756086401145000000
1756086401145000000,B,112548.5,0.0,book,1756086401145000000
1756086401145000000,A,140978.35,0.00018,book,1756086401145000000
1756086401245000000,B,112548.85,0.09997,book,1756086401245000000
1756086401245000000,B,112548.83,0.0,book,1756086401245000000
1756086401445000000,A,113054.67,0.0,book,1756086401445000000
1756086401545000000,B,112548.81,0.0,book,1756086401545000000
1756086401545000000,A,113054.15,0.44853,book,1756086401545000000
1756086401645000000,B,112548.86,0.00108,book,1756086401645000000
1756086401645000000,A,113054.14,0.61178,book,1756086401645000000
1756086401645000000,A,113054.16,0.0,book,1756086401645000000
1756086401745000000,B,112548.87,0.09997,book,1756086401745000000
1756086401745000000,B,112548.85,0.0,book,1756086401745000000
1756086401945000000,B,112548.82,0.0,book,1756086401945000000
1756086401945000000,A,113054.13,0.04303,book,1756086401945000000
1756086401945000000,A,113054.17,0.0,book,1756086401945000000
1756086402045000000,A,113054.12,0.61178,book,1756086402045000000
1756086402045000000,A,113054.14,0.0,book,1756086402045000000
1756086402546000000,A,140978.35,0.00027,book,1756086402546000000
1756086402946000000,A,113054.11,0.04303,book,1756086402946000000
1756086402946000000,A,113054.13,0.0,book,1756086402946000000
1756086403046000000,A,113054.1,0.61178,book,1756086403046000000
1756086403046000000,A,113054.12,0.0,book,1756086403046000000
1756086403947000000,A,113054.09,0.0,book,1756086403947000000
1756086403947000000,A,113054.11,0.0,book,1756086403947000000
1756086404047000000,A,113054.1,0.0,book,1756086404047000000
1756086404047000000,A,113054.14,0.61178,book,1756086404047000000
1756086404247000000,A,113075.86,0.0,book,1756086404247000000
1756086404247000000,A,113107.62,0.1001,book,1756086404247000000
1756086404347000000,B,112331.0,0.0,book,1756086404347000000
1756086404347000000,B,112289.0,0.2471,book,1756086404347000000
1756086404347000000,B,112263.0,0.30759,book,1756086404347000000
1756086404347000000,B,112246.0,0.29849,book,1756086404347000000
1756086404347000000,B,112211.0,0.10126,book,1756086404347000000
1756086404347000000,B,112042.0,0.10048,book,1756086404347000000
1756086404347000000,B,111986.0,0.0,book,1756086404347000000
