ts_ns,bid_px,bid_qty,ask_px,ask_qty
1756086289764000000,-9223372036854775808,0,9223372036854775807,0
1756086289764000000,-9223372036854775808,0,9223372036854775807,0
1756086290465000000,-9223372036854775808,0,9223372036854775807,0
1756086290465000000,-9223372036854775808,0,9223372036854775807,0
1756086290565000000,-9223372036854775808,0,9223372036854775807,0
1756086290565000000,-9223372036854775808,0,9223372036854775807,0
1756086290665000000,-9223372036854775808,0,9223372036854775807,0
1756086290665000000,-9223372036854775808,0,9223372036854775807,0
1756086290965000000,-9223372036854775808,0,9223372036854775807,0
1756086290965000000,-9223372036854775808,0,9223372036854775807,0
1756086291065000000,-9223372036854775808,0,9223372036854775807,0
1756086291065000000,-9223372036854775808,0,9223372036854775807,0
1756086291065000000,-9223372036854775808,0,9223372036854775807,0
1756086291065000000,-9223372036854775808,0,9223372036854775807,0
1756086291165000000,-9223372036854775808,0,9223372036854775807,0
1756086291165000000,-9223372036854775808,0,9223372036854775807,0
1756086291766000000,-9223372036854775808,0,9223372036854775807,0
1756086291866000000,-9223372036854775808,0,9223372036854775807,0
1756086291966000000,-9223372036854775808,0,9223372036854775807,0
1756086291966000000,-9223372036854775808,0,9223372036854775807,0
1756086291966000000,-9223372036854775808,0,9223372036854775807,0
1756086292266000000,-9223372036854775808,0,9223372036854775807,0
1756086292266000000,-9223372036854775808,0,9223372036854775807,0
1756086292266000000,-9223372036854775808,0,9223372036854775807,0
1756086292266000000,-9223372036854775808,0,9223372036854775807,0
1756086292366000000,-9223372036854775808,0,9223372036854775807,0
1756086292366000000,-9223372036854775808,0,9223372036854775807,0
1756086292366000000,-9223372036854775808,0,9223372036854775807,0
1756086292366000000,-9223372036854775808,0,9223372036854775807,0
1756086292867000000,-9223372036854775808,0,9223372036854775807,0
1756086292867000000,-9223372036854775808,0,9223372036854775807,0
1756086292867000000,-9223372036854775808,0,9223372036854775807,0
1756086292967000000,-9223372036854775808,0,9223372036854775807,0
1756086292967000000,-9223372036854775808,0,9223372036854775807,0
1756086292967000000,-9223372036854775808,0,9223372036854775807,0
1756086293067000000,-9223372036854775808,0,9223372036854775807,0
1756086293067000000,-9223372036854775808,0,9223372036854775807,0
1756086293067000000,-9223372036854775808,0,9223372036854775807,0
1756086293467000000,-9223372036854775808,0,9223372036854775807,0
1756086293667000000,-9223372036854775808,0,9223372036854775807,0
1756086293767000000,-9223372036854775808,0,9223372036854775807,0
1756086293767000000,-9223372036854775808,0,9223372036854775807,0
1756086293867000000,-9223372036854775808,0,9223372036854775807,0
1756086293867000000,-9223372036854775808,0,9223372036854775807,0
1756086293967000000,-9223372036854775808,0,9223372036854775807,0
1756086293967000000,-9223372036854775808,0,9223372036854775807,0
1756086293967000000,-9223372036854775808,0,9223372036854775807,0
1756086293967000000,-9223372036854775808,0,9223372036854775807,0
1756086294068000000,-9223372036854775808,0,9223372036854775807,0
1756086294068000000,-9223372036854775808,0,9223372036854775807,0
1756086294968000000,-9223372036854775808,0,9223372036854775807,0
1756086294968000000,-9223372036854775808,0,9223372036854775807,0
1756086294968000000,-9223372036854775808,0,9223372036854775807,0
1756086294968000000,-9223372036854775808,0,9223372036854775807,0
1756086295068000000,-9223372036854775808,0,9223372036854775807,0
1756086295068000000,-9223372036854775808,0,9223372036854775807,0
1756086295068000000,-9223372036854775808,0,9223372036854775807,0
1756086295469000000,-9223372036854775808,0,9223372036854775807,0
1756086295469000000,-9223372036854775808,0,9223372036854775807,0
1756086295469000000,-9223372036854775808,0,9223372036854775807,0
1756086295569000000,-9223372036854775808,0,9223372036854775807,0
1756086295569000000,-9223372036854775808,0,9223372036854775807,0
1756086295869000000,-9223372036854775808,0,9223372036854775807,0
1756086295869000000,-9223372036854775808,0,9223372036854775807,0
1756086295869000000,-9223372036854775808,0,9223372036854775807,0
1756086295969000000,-9223372036854775808,0,9223372036854775807,0
1756086295969000000,-9223372036854775808,0,9223372036854775807,0
1756086295969000000,-9223372036854775808,0,9223372036854775807,0
1756086295969000000,-9223372036854775808,0,9223372036854775807,0
1756086295969000000,-9223372036854775808,0,9223372036854775807,0
1756086296870000000,-9223372036854775808,0,9223372036854775807,0
1756086296970000000,-9223372036854775808,0,9223372036854775807,0
1756086296970000000,-9223372036854775808,0,9223372036854775807,0
1756086296970000000,-9223372036854775808,0,9223372036854775807,0
1756086297070000000,-9223372036854775808,0,9223372036854775807,0
1756086297070000000,-9223372036854775808,0,9223372036854775807,0
1756086297170000000,-9223372036854775808,0,9223372036854775807,0
1756086297270000000,-9223372036854775808,0,9223372036854775807,0
1756086297270000000,-9223372036854775808,0,9223372036854775807,0
1756086297770000000,-9223372036854775808,0,9223372036854775807,0
1756086298171000000,-9223372036854775808,0,9223372036854775807,0
1756086298171000000,-9223372036854775808,0,9223372036854775807,0
1756086298171000000,-9223372036854775808,0,9223372036854775807,0
1756086298171000000,-9223372036854775808,0,9223372036854775807,0
1756086298171000000,-9223372036854775808,0,9223372036854775807,0
1756086298171000000,-9223372036854775808,0,9223372036854775807,0
1756086298271000000,-9223372036854775808,0,9223372036854775807,0
1756086298271000000,-9223372036854775808,0,9223372036854775807,0
1756086298271000000,-9223372036854775808,0,9223372036854775807,0
1756086298271000000,-9223372036854775808,0,9223372036854775807,0
1756086298671000000,-9223372036854775808,0,9223372036854775807,0
1756086298771000000,-9223372036854775808,0,9223372036854775807,0
1756086298771000000,-9223372036854775808,0,9223372036854775807,0
1756086299171000000,-9223372036854775808,0,9223372036854775807,0
1756086299171000000,-9223372036854775808,0,9223372036854775807,0
1756086299271000000,-9223372036854775808,0,9223372036854775807,0
1756086299271000000,-9223372036854775808,0,9223372036854775807,0
1756086299271000000,-9223372036854775808,0,9223372036854775807,0
1756086299271000000,-9223372036854775808,0,9223372036854775807,0
1756086299571000000,-9223372036854775808,0,9223372036854775807,0
1756086299571000000,-9223372036854775808,0,9223372036854775807,0
1756086299672000000,-9223372036854775808,0,9223372036854775807,0
1756086299672000000,-9223372036854775808,0,9223372036854775807,0
1756086300172000000,-9223372036854775808,0,9223372036854775807,0
1756086300172000000,-9223372036854775808,0,9223372036854775807,0
1756086300272000000,-9223372036854775808,0,9223372036854775807,0
1756086300272000000,-9223372036854775808,0,9223372036854775807,0
1756086300272000000,-9223372036854775808,0,9223372036854775807,0
1756086300672000000,-9223372036854775808,0,9223372036854775807,0
1756086300772000000,-9223372036854775808,0,9223372036854775807,0
1756086300772000000,-9223372036854775808,0,9223372036854775807,0
1756086300772000000,-9223372036854775808,0,9223372036854775807,0
1756086300772000000,-9223372036854775808,0,9223372036854775807,0
1756086300872000000,-9223372036854775808,0,9223372036854775807,0
1756086300872000000,-9223372036854775808,0,9223372036854775807,0
1756086301173000000,-9223372036854775808,0,9223372036854775807,0
1756086301173000000,-9223372036854775808,0,9223372036854775807,0
1756086301173000000,-9223372036854775808,0,9223372036854775807,0
1756086301273000000,-9223372036854775808,0,9223372036854775807,0
1756086301273000000,-9223372036854775808,0,9223372036854775807,0
1756086301273000000,-9223372036854775808,0,9223372036854775807,0
1756086301273000000,-9223372036854775808,0,9223372036854775807,0
1756086301373000000,-9223372036854775808,0,9223372036854775807,0
1756086301373000000,-9223372036854775808,0,9223372036854775807,0
1756086301473000000,-9223372036854775808,0,9223372036854775807,0
1756086301573000000,-9223372036854775808,0,9223372036854775807,0
1756086301573000000,-9223372036854775808,0,9223372036854775807,0
1756086302273000000,-9223372036854775808,0,9223372036854775807,0
1756086302273000000,-9223372036854775808,0,9223372036854775807,0
1756086302273000000,-9223372036854775808,0,9223372036854775807,0
1756086302273000000,-9223372036854775808,0,9223372036854775807,0
1756086302373000000,-9223372036854775808,0,9223372036854775807,0
1756086302373000000,-9223372036854775808,0,9223372036854775807,0
1756086302373000000,-9223372036854775808,0,9223372036854775807,0
1756086302373000000,-9223372036854775808,0,9223372036854775807,0
1756086302674000000,-9223372036854775808,0,9223372036854775807,0
1756086302774000000,-9223372036854775808,0,9223372036854775807,0
1756086302774000000,-9223372036854775808,0,9223372036854775807,0
1756086303074000000,-9223372036854775808,0,9223372036854775807,0
1756086303374000000,-9223372036854775808,0,9223372036854775807,0
1756086303574000000,-9223372036854775808,0,9223372036854775807,0
1756086303574000000,-9223372036854775808,0,9223372036854775807,0
1756086303574000000,-9223372036854775808,0,9223372036854775807,0
1756086303574000000,-9223372036854775808,0,9223372036854775807,0
1756086303574000000,-9223372036854775808,0,9223372036854775807,0
1756086303574000000,-9223372036854775808,0,9223372036854775807,0
1756086303674000000,-9223372036854775808,0,9223372036854775807,0
1756086303674000000,-9223372036854775808,0,9223372036854775807,0
1756086303674000000,-9223372036854775808,0,9223372036854775807,0
1756086303674000000,-9223372036854775808,0,9223372036854775807,0
1756086303674000000,-9223372036854775808,0,9223372036854775807,0
1756086303774000000,-9223372036854775808,0,9223372036854775807,0
1756086303774000000,-9223372036854775808,0,9223372036854775807,0
1756086303774000000,-9223372036854775808,0,9223372036854775807,0
1756086303875000000,-9223372036854775808,0,9223372036854775807,0
1756086303875000000,-9223372036854775808,0,9223372036854775807,0
1756086303875000000,-9223372036854775808,0,9223372036854775807,0
1756086303975000000,-9223372036854775808,0,9223372036854775807,0
1756086304075000000,-9223372036854775808,0,9223372036854775807,0
1756086304075000000,-9223372036854775808,0,9223372036854775807,0
1756086304075000000,-9223372036854775808,0,9223372036854775807,0
1756086304075000000,-9223372036854775808,0,9223372036854775807,0
1756086304175000000,-9223372036854775808,0,9223372036854775807,0
1756086304175000000,-9223372036854775808,0,9223372036854775807,0
1756086304675000000,-9223372036854775808,0,9223372036854775807,0
1756086304675000000,-9223372036854775808,0,9223372036854775807,0
1756086304775000000,-9223372036854775808,0,9223372036854775807,0
1756086304775000000,-9223372036854775808,0,9223372036854775807,0
1756086305375000000,-9223372036854775808,0,9223372036854775807,0
1756086305375000000,-9223372036854775808,0,9223372036854775807,0
1756086305375000000,-9223372036854775808,0,9223372036854775807,0
1756086305375000000,-9223372036854775808,0,9223372036854775807,0
1756086305475000000,-9223372036854775808,0,9223372036854775807,0
1756086305475000000,-9223372036854775808,0,9223372036854775807,0
1756086305475000000,-9223372036854775808,0,9223372036854775807,0
1756086305576000000,-9223372036854775808,0,9223372036854775807,0
1756086305576000000,-9223372036854775808,0,9223372036854775807,0
1756086305576000000,-9223372036854775808,0,9223372036854775807,0
1756086305676000000,-9223372036854775808,0,9223372036854775807,0
1756086305676000000,-9223372036854775808,0,9223372036854775807,0
1756086305676000000,-9223372036854775808,0,9223372036854775807,0
1756086305776000000,-9223372036854775808,0,9223372036854775807,0
1756086305776000000,-9223372036854775808,0,9223372036854775807,0
1756086305776000000,-9223372036854775808,0,9223372036854775807,0
1756086305776000000,-9223372036854775808,0,9223372036854775807,0
1756086305776000000,-9223372036854775808,0,9223372036854775807,0
1756086305876000000,-9223372036854775808,0,9223372036854775807,0
1756086305876000000,-9223372036854775808,0,9223372036854775807,0
1756086305876000000,-9223372036854775808,0,9223372036854775807,0
1756086305976000000,-9223372036854775808,0,9223372036854775807,0
1756086305976000000,-9223372036854775808,0,9223372036854775807,0
1756086306276000000,-9223372036854775808,0,9223372036854775807,0
1756086306276000000,-9223372036854775808,0,9223372036854775807,0
1756086306977000000,-9223372036854775808,0,9223372036854775807,0
1756086307077000000,-9223372036854775808,0,9223372036854775807,0
1756086307077000000,-9223372036854775808,0,9223372036854775807,0
1756086307077000000,-9223372036854775808,0,9223372036854775807,0
1756086307077000000,-9223372036854775808,0,9223372036854775807,0
1756086307077000000,-9223372036854775808,0,9223372036854775807,0
1756086307077000000,-9223372036854775808,0,9223372036854775807,0
1756086307077000000,-9223372036854775808,0,9223372036854775807,0
1756086307077000000,-9223372036854775808,0,9223372036854775807,0
1756086307177000000,-9223372036854775808,0,9223372036854775807,0
1756086307177000000,-9223372036854775808,0,9223372036854775807,0
1756086307177000000,-9223372036854775808,0,9223372036854775807,0
1756086307177000000,-9223372036854775808,0,9223372036854775807,0
1756086307177000000,-9223372036854775808,0,9223372036854775807,0
1756086307177000000,-9223372036854775808,0,9223372036854775807,0
1756086307277000000,-9223372036854775808,0,9223372036854775807,0
1756086307277000000,-9223372036854775808,0,9223372036854775807,0
1756086307877000000,-9223372036854775808,0,9223372036854775807,0
1756086308077000000,-9223372036854775808,0,9223372036854775807,0
1756086308077000000,-9223372036854775808,0,9223372036854775807,0
1756086308077000000,-9223372036854775808,0,9223372036854775807,0
1756086308177000000,-9223372036854775808,0,9223372036854775807,0
1756086308177000000,-9223372036854775808,0,9223372036854775807,0
1756086308177000000,-9223372036854775808,0,9223372036854775807,0
1756086308177000000,-9223372036854775808,0,9223372036854775807,0
1756086308177000000,-9223372036854775808,0,9223372036854775807,0
1756086308578000000,-9223372036854775808,0,9223372036854775807,0
1756086308578000000,-9223372036854775808,0,9223372036854775807,0
1756086309178000000,-9223372036854775808,0,9223372036854775807,0
1756086309478000000,-9223372036854775808,0,9223372036854775807,0
1756086309578000000,-9223372036854775808,0,9223372036854775807,0
1756086309578000000,-9223372036854775808,0,9223372036854775807,0
1756086309578000000,-9223372036854775808,0,9223372036854775807,0
1756086309578000000,-9223372036854775808,0,9223372036854775807,0
1756086309678000000,-9223372036854775808,0,9223372036854775807,0
1756086309678000000,-9223372036854775808,0,9223372036854775807,0
1756086309678000000,-9223372036854775808,0,9223372036854775807,0
1756086309678000000,-9223372036854775808,0,9223372036854775807,0
1756086309678000000,-9223372036854775808,0,9223372036854775807,0
1756086309678000000,-9223372036854775808,0,9223372036854775807,0
1756086309678000000,-9223372036854775808,0,9223372036854775807,0
1756086309678000000,-9223372036854775808,0,9223372036854775807,0
1756086309678000000,-9223372036854775808,0,9223372036854775807,0
1756086309779000000,-9223372036854775808,0,9223372036854775807,0
1756086309779000000,-9223372036854775808,0,9223372036854775807,0
1756086309779000000,-9223372036854775808,0,9223372036854775807,0
1756086309779000000,-9223372036854775808,0,9223372036854775807,0
1756086309779000000,-9223372036854775808,0,9223372036854775807,0
1756086309779000000,-9223372036854775808,0,9223372036854775807,0
1756086309779000000,-9223372036854775808,0,9223372036854775807,0
1756086309779000000,-9223372036854775808,0,9223372036854775807,0
1756086309779000000,-9223372036854775808,0,9223372036854775807,0
1756086309779000000,-9223372036854775808,0,9223372036854775807,0
1756086309779000000,-9223372036854775808,0,9223372036854775807,0
1756086309879000000,-9223372036854775808,0,9223372036854775807,0
1756086309879000000,-9223372036854775808,0,9223372036854775807,0
1756086309879000000,-9223372036854775808,0,9223372036854775807,0
1756086309879000000,-9223372036854775808,0,9223372036854775807,0
1756086309879000000,-9223372036854775808,0,9223372036854775807,0
1756086309879000000,-9223372036854775808,0,9223372036854775807,0
1756086309879000000,-9223372036854775808,0,9223372036854775807,0
1756086309879000000,-9223372036854775808,0,9223372036854775807,0
1756086309979000000,-9223372036854775808,0,9223372036854775807,0
1756086309979000000,-9223372036854775808,0,9223372036854775807,0
1756086309979000000,-9223372036854775808,0,9223372036854775807,0
1756086309979000000,-9223372036854775808,0,9223372036854775807,0
1756086309979000000,-9223372036854775808,0,9223372036854775807,0
1756086309979000000,-9223372036854775808,0,9223372036854775807,0
1756086309979000000,-9223372036854775808,0,9223372036854775807,0
1756086310079000000,-9223372036854775808,0,9223372036854775807,0
1756086310079000000,-9223372036854775808,0,9223372036854775807,0
1756086310379000000,-9223372036854775808,0,9223372036854775807,0
1756086310379000000,-9223372036854775808,0,9223372036854775807,0
1756086310479000000,-9223372036854775808,0,9223372036854775807,0
1756086310479000000,-9223372036854775808,0,9223372036854775807,0
1756086310479000000,-9223372036854775808,0,9223372036854775807,0
1756086310479000000,-9223372036854775808,0,9223372036854775807,0
1756086310479000000,-9223372036854775808,0,9223372036854775807,0
1756086310479000000,-9223372036854775808,0,9223372036854775807,0
1756086310579000000,-9223372036854775808,0,9223372036854775807,0
1756086310579000000,-9223372036854775808,0,9223372036854775807,0
1756086310579000000,-9223372036854775808,0,9223372036854775807,0
1756086310579000000,-9223372036854775808,0,9223372036854775807,0
1756086310579000000,-9223372036854775808,0,9223372036854775807,0
1756086310879000000,-9223372036854775808,0,9223372036854775807,0
1756086310879000000,-9223372036854775808,0,9223372036854775807,0
1756086310879000000,-9223372036854775808,0,9223372036854775807,0
1756086310879000000,-9223372036854775808,0,9223372036854775807,0
1756086310979000000,-9223372036854775808,0,9223372036854775807,0
1756086310979000000,-9223372036854775808,0,9223372036854775807,0
1756086310979000000,-9223372036854775808,0,9223372036854775807,0
1756086310979000000,-9223372036854775808,0,9223372036854775807,0
1756086310979000000,-9223372036854775808,0,9223372036854775807,0
1756086310979000000,-9223372036854775808,0,9223372036854775807,0
1756086310979000000,-9223372036854775808,0,9223372036854775807,0
1756086310979000000,-9223372036854775808,0,9223372036854775807,0
1756086311079000000,-9223372036854775808,0,9223372036854775807,0
1756086311079000000,-9223372036854775808,0,9223372036854775807,0
1756086311079000000,-9223372036854775808,0,9223372036854775807,0
1756086311079000000,-9223372036854775808,0,9223372036854775807,0
1756086311079000000,-9223372036854775808,0,9223372036854775807,0
1756086311180000000,-9223372036854775808,0,9223372036854775807,0
1756086311280000000,-9223372036854775808,0,9223372036854775807,0
1756086311580000000,-9223372036854775808,0,9223372036854775807,0
1756086311980000000,-9223372036854775808,0,9223372036854775807,0
1756086311980000000,-9223372036854775808,0,9223372036854775807,0
1756086311980000000,-9223372036854775808,0,9223372036854775807,0
1756086312080000000,-9223372036854775808,0,9223372036854775807,0
1756086312080000000,-9223372036854775808,0,9223372036854775807,0
1756086312080000000,-9223372036854775808,0,9223372036854775807,0
1756086312080000000,-9223372036854775808,0,9223372036854775807,0
1756086312481000000,-9223372036854775808,0,9223372036854775807,0
1756086312481000000,-9223372036854775808,0,9223372036854775807,0
1756086312481000000,-9223372036854775808,0,9223372036854775807,0
1756086312481000000,-9223372036854775808,0,9223372036854775807,0
1756086312481000000,-9223372036854775808,0,9223372036854775807,0
1756086312481000000,-9223372036854775808,0,9223372036854775807,0
1756086312481000000,-9223372036854775808,0,9223372036854775807,0
1756086312481000000,-9223372036854775808,0,9223372036854775807,0
1756086312481000000,-9223372036854775808,0,9223372036854775807,0
1756086312481000000,-9223372036854775808,0,9223372036854775807,0
1756086312481000000,-9223372036854775808,0,9223372036854775807,0
1756086312481000000,-9223372036854775808,0,9223372036854775807,0
1756086312481000000,-9223372036854775808,0,9223372036854775807,0
1756086312481000000,-9223372036854775808,0,9223372036854775807,0
1756086312481000000,-9223372036854775808,0,9223372036854775807,0
1756086312481000000,-9223372036854775808,0,9223372036854775807,0
1756086312481000000,-9223372036854775808,0,9223372036854775807,0
1756086312481000000,-9223372036854775808,0,9223372036854775807,0
1756086312481000000,-9223372036854775808,0,9223372036854775807,0
1756086312481000000,-9223372036854775808,0,9223372036854775807,0
1756086312481000000,-9223372036854775808,0,9223372036854775807,0
1756086312481000000,-9223372036854775808,0,9223372036854775807,0
1756086312481000000,-9223372036854775808,0,9223372036854775807,0
1756086312481000000,-9223372036854775808,0,9223372036854775807,0
1756086312481000000,-9223372036854775808,0,9223372036854775807,0
1756086312481000000,-9223372036854775808,0,9223372036854775807,0
1756086312481000000,-9223372036854775808,0,9223372036854775807,0
1756086312481000000,-9223372036854775808,0,9223372036854775807,0
1756086312481000000,-9223372036854775808,0,9223372036854775807,0
1756086312481000000,-9223372036854775808,0,9223372036854775807,0
1756086312481000000,-9223372036854775808,0,9223372036854775807,0
1756086312481000000,-9223372036854775808,0,9223372036854775807,0
1756086312481000000,-9223372036854775808,0,9223372036854775807,0
1756086312481000000,-9223372036854775808,0,9223372036854775807,0
1756086312581000000,-9223372036854775808,0,9223372036854775807,0
1756086312581000000,-9223372036854775808,0,9223372036854775807,0
1756086312681000000,-9223372036854775808,0,9223372036854775807,0
1756086312781000000,-9223372036854775808,0,9223372036854775807,0
1756086312781000000,-9223372036854775808,0,9223372036854775807,0
1756086312781000000,-9223372036854775808,0,9223372036854775807,0
1756086312881000000,-9223372036854775808,0,9223372036854775807,0
1756086312881000000,-9223372036854775808,0,9223372036854775807,0
1756086312881000000,-9223372036854775808,0,9223372036854775807,0
1756086312881000000,-9223372036854775808,0,9223372036854775807,0
1756086312881000000,-9223372036854775808,0,9223372036854775807,0
1756086312981000000,-9223372036854775808,0,9223372036854775807,0
1756086312981000000,-9223372036854775808,0,9223372036854775807,0
1756086312981000000,-9223372036854775808,0,9223372036854775807,0
1756086312981000000,-9223372036854775808,0,9223372036854775807,0
1756086313081000000,-9223372036854775808,0,9223372036854775807,0
1756086313081000000,-9223372036854775808,0,9223372036854775807,0
1756086313081000000,-9223372036854775808,0,9223372036854775807,0
1756086313081000000,-9223372036854775808,0,9223372036854775807,0
1756086313181000000,-9223372036854775808,0,9223372036854775807,0
1756086313181000000,-9223372036854775808,0,9223372036854775807,0
1756086313281000000,-9223372036854775808,0,9223372036854775807,0
1756086313381000000,-9223372036854775808,0,9223372036854775807,0
1756086313381000000,-9223372036854775808,0,9223372036854775807,0
1756086313381000000,-9223372036854775808,0,9223372036854775807,0
1756086313381000000,-9223372036854775808,0,9223372036854775807,0
1756086313481000000,-9223372036854775808,0,9223372036854775807,0
1756086313481000000,-9223372036854775808,0,9223372036854775807,0
1756086313581000000,-9223372036854775808,0,9223372036854775807,0
1756086313581000000,-9223372036854775808,0,9223372036854775807,0
1756086313581000000,-9223372036854775808,0,9223372036854775807,0
1756086313581000000,-9223372036854775808,0,9223372036854775807,0
1756086313581000000,-9223372036854775808,0,9223372036854775807,0
1756086313581000000,-9223372036854775808,0,9223372036854775807,0
1756086313581000000,-9223372036854775808,0,9223372036854775807,0
1756086313581000000,-9223372036854775808,0,9223372036854775807,0
1756086313581000000,-9223372036854775808,0,9223372036854775807,0
1756086313681000000,-9223372036854775808,0,9223372036854775807,0
1756086313681000000,-9223372036854775808,0,9223372036854775807,0
1756086313681000000,-9223372036854775808,0,9223372036854775807,0
1756086313681000000,-9223372036854775808,0,9223372036854775807,0
1756086313681000000,-9223372036854775808,0,9223372036854775807,0
1756086313681000000,-9223372036854775808,0,9223372036854775807,0
1756086313681000000,-9223372036854775808,0,9223372036854775807,0
1756086313681000000,-9223372036854775808,0,9223372036854775807,0
1756086313681000000,-9223372036854775808,0,9223372036854775807,0
1756086313681000000,-9223372036854775808,0,9223372036854775807,0
1756086313681000000,-9223372036854775808,0,9223372036854775807,0
1756086313681000000,-9223372036854775808,0,9223372036854775807,0
1756086313781000000,-9223372036854775808,0,9223372036854775807,0
1756086313781000000,-9223372036854775808,0,9223372036854775807,0
1756086313781000000,-9223372036854775808,0,9223372036854775807,0
1756086313781000000,-9223372036854775808,0,9223372036854775807,0
1756086313781000000,-9223372036854775808,0,9223372036854775807,0
1756086313781000000,-9223372036854775808,0,9223372036854775807,0
1756086313882000000,-9223372036854775808,0,9223372036854775807,0
1756086313882000000,-9223372036854775808,0,9223372036854775807,0
1756086313882000000,-9223372036854775808,0,9223372036854775807,0
1756086313882000000,-9223372036854775808,0,9223372036854775807,0
1756086313882000000,-9223372036854775808,0,9223372036854775807,0
1756086313882000000,-9223372036854775808,0,9223372036854775807,0
1756086313882000000,-9223372036854775808,0,9223372036854775807,0
1756086313982000000,-9223372036854775808,0,9223372036854775807,0
1756086313982000000,-9223372036854775808,0,9223372036854775807,0
1756086313982000000,-9223372036854775808,0,9223372036854775807,0
1756086313982000000,-9223372036854775808,0,9223372036854775807,0
1756086314582000000,-9223372036854775808,0,9223372036854775807,0
1756086314582000000,-9223372036854775808,0,9223372036854775807,0
1756086314582000000,-9223372036854775808,0,9223372036854775807,0
1756086314582000000,-9223372036854775808,0,9223372036854775807,0
1756086314682000000,-9223372036854775808,0,9223372036854775807,0
1756086314682000000,-9223372036854775808,0,9223372036854775807,0
1756086314782000000,-9223372036854775808,0,9223372036854775807,0
1756086315583000000,-9223372036854775808,0,9223372036854775807,0
1756086315583000000,-9223372036854775808,0,9223372036854775807,0
1756086315583000000,-9223372036854775808,0,9223372036854775807,0
1756086315583000000,-9223372036854775808,0,9223372036854775807,0
1756086315583000000,-9223372036854775808,0,9223372036854775807,0
1756086315683000000,-9223372036854775808,0,9223372036854775807,0
1756086315683000000,-9223372036854775808,0,9223372036854775807,0
1756086315683000000,-9223372036854775808,0,9223372036854775807,0
1756086315683000000,-9223372036854775808,0,9223372036854775807,0
1756086315883000000,-9223372036854775808,0,9223372036854775807,0
1756086316583000000,-9223372036854775808,0,9223372036854775807,0
1756086316583000000,-9223372036854775808,0,9223372036854775807,0
1756086316684000000,-9223372036854775808,0,9223372036854775807,0
1756086316684000000,-9223372036854775808,0,9223372036854775807,0
1756086316684000000,-9223372036854775808,0,9223372036854775807,0
1756086316684000000,-9223372036854775808,0,9223372036854775807,0
1756086316684000000,-9223372036854775808,0,9223372036854775807,0
1756086316784000000,-9223372036854775808,0,9223372036854775807,0
1756086317384000000,-9223372036854775808,0,9223372036854775807,0
1756086317484000000,-9223372036854775808,0,9223372036854775807,0
1756086317484000000,-9223372036854775808,0,9223372036854775807,0
1756086317584000000,-9223372036854775808,0,9223372036854775807,0
1756086317584000000,-9223372036854775808,0,9223372036854775807,0
1756086317584000000,-9223372036854775808,0,9223372036854775807,0
1756086317584000000,-9223372036854775808,0,9223372036854775807,0
1756086317584000000,-9223372036854775808,0,9223372036854775807,0
1756086317584000000,-9223372036854775808,0,9223372036854775807,0
1756086317684000000,-9223372036854775808,0,9223372036854775807,0
1756086317684000000,-9223372036854775808,0,9223372036854775807,0
1756086317684000000,-9223372036854775808,0,9223372036854775807,0
1756086317684000000,-9223372036854775808,0,9223372036854775807,0
1756086317684000000,-9223372036854775808,0,9223372036854775807,0
1756086317784000000,-9223372036854775808,0,9223372036854775807,0
1756086317884000000,-9223372036854775808,0,9223372036854775807,0
1756086317884000000,-9223372036854775808,0,9223372036854775807,0
1756086317884000000,-9223372036854775808,0,9223372036854775807,0
1756086317884000000,-9223372036854775808,0,9223372036854775807,0
1756086317884000000,-9223372036854775808,0,9223372036854775807,0
1756086318085000000,-9223372036854775808,0,9223372036854775807,0
1756086318085000000,-9223372036854775808,0,9223372036854775807,0
1756086318085000000,-9223372036854775808,0,9223372036854775807,0
1756086318185000000,-9223372036854775808,0,9223372036854775807,0
1756086318185000000,-9223372036854775808,0,9223372036854775807,0
1756086318685000000,-9223372036854775808,0,9223372036854775807,0
1756086318685000000,-9223372036854775808,0,9223372036854775807,0
1756086318685000000,-9223372036854775808,0,9223372036854775807,0
1756086318685000000,-9223372036854775808,0,9223372036854775807,0
1756086318685000000,-9223372036854775808,0,9223372036854775807,0
1756086318785000000,-9223372036854775808,0,9223372036854775807,0
1756086318785000000,-9223372036854775808,0,9223372036854775807,0
1756086318785000000,-9223372036854775808,0,9223372036854775807,0
1756086318785000000,-9223372036854775808,0,9223372036854775807,0
1756086318885000000,-9223372036854775808,0,9223372036854775807,0
1756086318885000000,-9223372036854775808,0,9223372036854775807,0
1756086318885000000,-9223372036854775808,0,9223372036854775807,0
1756086318885000000,-9223372036854775808,0,9223372036854775807,0
1756086318885000000,-9223372036854775808,0,9223372036854775807,0
1756086318885000000,-9223372036854775808,0,9223372036854775807,0
1756086318985000000,-9223372036854775808,0,9223372036854775807,0
1756086318985000000,-9223372036854775808,0,9223372036854775807,0
1756086318985000000,-9223372036854775808,0,9223372036854775807,0
1756086318985000000,-9223372036854775808,0,9223372036854775807,0
1756086318985000000,-9223372036854775808,0,9223372036854775807,0
1756086318985000000,-9223372036854775808,0,9223372036854775807,0
1756086319185000000,-9223372036854775808,0,9223372036854775807,0
1756086319686000000,-9223372036854775808,0,9223372036854775807,0
1756086319686000000,-9223372036854775808,0,9223372036854775807,0
1756086319686000000,-9223372036854775808,0,9223372036854775807,0
1756086319886000000,-9223372036854775808,0,9223372036854775807,0
1756086320386000000,-9223372036854775808,0,9223372036854775807,0
1756086320686000000,-9223372036854775808,0,9223372036854775807,0
1756086320686000000,-9223372036854775808,0,9223372036854775807,0
1756086320786000000,-9223372036854775808,0,9223372036854775807,0
1756086320786000000,-9223372036854775808,0,9223372036854775807,0
1756086320786000000,-9223372036854775808,0,9223372036854775807,0
1756086320786000000,-9223372036854775808,0,9223372036854775807,0
1756086320786000000,-9223372036854775808,0,9223372036854775807,0
1756086320887000000,-9223372036854775808,0,9223372036854775807,0
1756086320887000000,-9223372036854775808,0,9223372036854775807,0
1756086320887000000,-9223372036854775808,0,9223372036854775807,0
1756086320887000000,-9223372036854775808,0,9223372036854775807,0
1756086321187000000,-9223372036854775808,0,9223372036854775807,0
1756086321687000000,-9223372036854775808,0,9223372036854775807,0
1756086321687000000,-9223372036854775808,0,9223372036854775807,0
1756086321687000000,-9223372036854775808,0,9223372036854775807,0
1756086321787000000,-9223372036854775808,0,9223372036854775807,0
1756086321787000000,-9223372036854775808,0,9223372036854775807,0
1756086321787000000,-9223372036854775808,0,9223372036854775807,0
1756086321787000000,-9223372036854775808,0,9223372036854775807,0
1756086321887000000,-9223372036854775808,0,9223372036854775807,0
1756086321887000000,-9223372036854775808,0,9223372036854775807,0
1756086321887000000,-9223372036854775808,0,9223372036854775807,0
1756086321887000000,-9223372036854775808,0,9223372036854775807,0
1756086321887000000,-9223372036854775808,0,9223372036854775807,0
1756086321887000000,-9223372036854775808,0,9223372036854775807,0
1756086321887000000,-9223372036854775808,0,9223372036854775807,0
1756086321887000000,-9223372036854775808,0,9223372036854775807,0
1756086321987000000,-9223372036854775808,0,9223372036854775807,0
1756086321987000000,-9223372036854775808,0,9223372036854775807,0
1756086321987000000,-9223372036854775808,0,9223372036854775807,0
1756086321987000000,-9223372036854775808,0,9223372036854775807,0
1756086321987000000,-9223372036854775808,0,9223372036854775807,0
1756086322087000000,-9223372036854775808,0,9223372036854775807,0
1756086322087000000,-9223372036854775808,0,9223372036854775807,0
1756086322288000000,-9223372036854775808,0,9223372036854775807,0
1756086322888000000,-9223372036854775808,0,9223372036854775807,0
1756086322888000000,-9223372036854775808,0,9223372036854775807,0
1756086322888000000,-9223372036854775808,0,9223372036854775807,0
1756086322888000000,-9223372036854775808,0,9223372036854775807,0
1756086322988000000,-9223372036854775808,0,9223372036854775807,0
1756086322988000000,-9223372036854775808,0,9223372036854775807,0
1756086322988000000,-9223372036854775808,0,9223372036854775807,0
1756086322988000000,-9223372036854775808,0,9223372036854775807,0
1756086323488000000,-9223372036854775808,0,9223372036854775807,0
1756086323488000000,-9223372036854775808,0,9223372036854775807,0
1756086323889000000,-9223372036854775808,0,9223372036854775807,0
1756086323889000000,-9223372036854775808,0,9223372036854775807,0
1756086323889000000,-9223372036854775808,0,9223372036854775807,0
1756086323989000000,-9223372036854775808,0,9223372036854775807,0
1756086323989000000,-9223372036854775808,0,9223372036854775807,0
1756086324089000000,-9223372036854775808,0,9223372036854775807,0
1756086324089000000,-9223372036854775808,0,9223372036854775807,0
1756086324089000000,-9223372036854775808,0,9223372036854775807,0
1756086324089000000,-9223372036854775808,0,9223372036854775807,0
1756086324089000000,-9223372036854775808,0,9223372036854775807,0
1756086324089000000,-9223372036854775808,0,9223372036854775807,0
1756086324089000000,-9223372036854775808,0,9223372036854775807,0
1756086324189000000,-9223372036854775808,0,9223372036854775807,0
1756086324189000000,-9223372036854775808,0,9223372036854775807,0
1756086324189000000,-9223372036854775808,0,9223372036854775807,0
1756086324189000000,-9223372036854775808,0,9223372036854775807,0
1756086324289000000,-9223372036854775808,0,9223372036854775807,0
1756086324289000000,-9223372036854775808,0,9223372036854775807,0
1756086324289000000,-9223372036854775808,0,9223372036854775807,0
1756086324289000000,-9223372036854775808,0,9223372036854775807,0
1756086324289000000,-9223372036854775808,0,9223372036854775807,0
1756086324389000000,-9223372036854775808,0,9223372036854775807,0
1756086324389000000,-9223372036854775808,0,9223372036854775807,0
1756086324889000000,-9223372036854775808,0,9223372036854775807,0
1756086325190000000,-9223372036854775808,0,9223372036854775807,0
1756086325290000000,-9223372036854775808,0,9223372036854775807,0
1756086325290000000,-9223372036854775808,0,9223372036854775807,0
1756086325290000000,-9223372036854775808,0,9223372036854775807,0
1756086325290000000,-9223372036854775808,0,9223372036854775807,0
1756086325290000000,-9223372036854775808,0,9223372036854775807,0
1756086325390000000,-9223372036854775808,0,9223372036854775807,0
1756086325390000000,-9223372036854775808,0,9223372036854775807,0
1756086325690000000,-9223372036854775808,0,9223372036854775807,0
1756086325790000000,-9223372036854775808,0,9223372036854775807,0
1756086325790000000,-9223372036854775808,0,9223372036854775807,0
1756086325890000000,-9223372036854775808,0,9223372036854775807,0
1756086325890000000,-9223372036854775808,0,9223372036854775807,0
1756086325890000000,-9223372036854775808,0,9223372036854775807,0
1756086325890000000,-9223372036854775808,0,9223372036854775807,0
1756086325990000000,-9223372036854775808,0,9223372036854775807,0
1756086325990000000,-9223372036854775808,0,9223372036854775807,0
1756086325990000000,-9223372036854775808,0,9223372036854775807,0
1756086325990000000,-9223372036854775808,0,9223372036854775807,0
1756086326090000000,-9223372036854775808,0,9223372036854775807,0
1756086326190000000,-9223372036854775808,0,9223372036854775807,0
1756086326290000000,-9223372036854775808,0,9223372036854775807,0
1756086326290000000,-9223372036854775808,0,9223372036854775807,0
1756086326290000000,-9223372036854775808,0,9223372036854775807,0
1756086326290000000,-9223372036854775808,0,9223372036854775807,0
1756086326290000000,-9223372036854775808,0,9223372036854775807,0
1756086326391000000,-9223372036854775808,0,9223372036854775807,0
1756086326391000000,-9223372036854775808,0,9223372036854775807,0
1756086326391000000,-9223372036854775808,0,9223372036854775807,0
1756086326391000000,-9223372036854775808,0,9223372036854775807,0
1756086326591000000,-9223372036854775808,0,9223372036854775807,0
1756086326991000000,-9223372036854775808,0,9223372036854775807,0
1756086327091000000,-9223372036854775808,0,9223372036854775807,0
1756086327091000000,-9223372036854775808,0,9223372036854775807,0
1756086327291000000,-9223372036854775808,0,9223372036854775807,0
1756086327391000000,-9223372036854775808,0,9223372036854775807,0
1756086327391000000,-9223372036854775808,0,9223372036854775807,0
1756086327391000000,-9223372036854775808,0,9223372036854775807,0
1756086327491000000,-9223372036854775808,0,9223372036854775807,0
1756086327491000000,-9223372036854775808,0,9223372036854775807,0
1756086327591000000,-9223372036854775808,0,9223372036854775807,0
1756086327591000000,-9223372036854775808,0,9223372036854775807,0
1756086327792000000,-9223372036854775808,0,9223372036854775807,0
1756086327792000000,-9223372036854775808,0,9223372036854775807,0
1756086327792000000,-9223372036854775808,0,9223372036854775807,0
1756086327792000000,-9223372036854775808,0,9223372036854775807,0
1756086327792000000,-9223372036854775808,0,9223372036854775807,0
1756086327892000000,-9223372036854775808,0,9223372036854775807,0
1756086327892000000,-9223372036854775808,0,9223372036854775807,0
1756086327892000000,-9223372036854775808,0,9223372036854775807,0
1756086328092000000,-9223372036854775808,0,9223372036854775807,0
1756086328192000000,-9223372036854775808,0,9223372036854775807,0
1756086328192000000,-9223372036854775808,0,9223372036854775807,0
1756086328292000000,-9223372036854775808,0,9223372036854775807,0
1756086328292000000,-9223372036854775808,0,9223372036854775807,0
1756086328392000000,-9223372036854775808,0,9223372036854775807,0
1756086328392000000,-9223372036854775808,0,9223372036854775807,0
1756086328992000000,-9223372036854775808,0,9223372036854775807,0
1756086328992000000,-9223372036854775808,0,9223372036854775807,0
1756086329093000000,-9223372036854775808,0,9223372036854775807,0
1756086329093000000,-9223372036854775808,0,9223372036854775807,0
1756086329093000000,-9223372036854775808,0,9223372036854775807,0
1756086329193000000,-9223372036854775808,0,9223372036854775807,0
1756086329193000000,-9223372036854775808,0,9223372036854775807,0
1756086329393000000,-9223372036854775808,0,9223372036854775807,0
1756086329393000000,-9223372036854775808,0,9223372036854775807,0
1756086329393000000,-9223372036854775808,0,9223372036854775807,0
1756086329393000000,-9223372036854775808,0,9223372036854775807,0
1756086329493000000,-9223372036854775808,0,9223372036854775807,0
1756086329493000000,-9223372036854775808,0,9223372036854775807,0
1756086329493000000,-9223372036854775808,0,9223372036854775807,0
1756086329493000000,-9223372036854775808,0,9223372036854775807,0
1756086329693000000,-9223372036854775808,0,9223372036854775807,0
1756086329693000000,-9223372036854775808,0,9223372036854775807,0
1756086329693000000,-9223372036854775808,0,9223372036854775807,0
1756086329793000000,-9223372036854775808,0,9223372036854775807,0
1756086329793000000,-9223372036854775808,0,9223372036854775807,0
1756086329793000000,-9223372036854775808,0,9223372036854775807,0
1756086329793000000,-9223372036854775808,0,9223372036854775807,0
1756086329893000000,-9223372036854775808,0,9223372036854775807,0
1756086329993000000,-9223372036854775808,0,9223372036854775807,0
1756086329993000000,-9223372036854775808,0,9223372036854775807,0
1756086330093000000,-9223372036854775808,0,9223372036854775807,0
1756086330093000000,-9223372036854775808,0,9223372036854775807,0
1756086330093000000,-9223372036854775808,0,9223372036854775807,0
1756086330193000000,-9223372036854775808,0,9223372036854775807,0
1756086330193000000,-9223372036854775808,0,9223372036854775807,0
1756086330193000000,-9223372036854775808,0,9223372036854775807,0
1756086330293000000,-9223372036854775808,0,9223372036854775807,0
1756086330293000000,-9223372036854775808,0,9223372036854775807,0
1756086330293000000,-9223372036854775808,0,9223372036854775807,0
1756086330293000000,-9223372036854775808,0,9223372036854775807,0
1756086330293000000,-9223372036854775808,0,9223372036854775807,0
1756086330293000000,-9223372036854775808,0,9223372036854775807,0
1756086330293000000,-9223372036854775808,0,9223372036854775807,0
1756086330393000000,-9223372036854775808,0,9223372036854775807,0
1756086330393000000,-9223372036854775808,0,9223372036854775807,0
1756086330494000000,-9223372036854775808,0,9223372036854775807,0
1756086330494000000,-9223372036854775808,0,9223372036854775807,0
1756086330594000000,-9223372036854775808,0,9223372036854775807,0
1756086330594000000,-9223372036854775808,0,9223372036854775807,0
1756086330694000000,-9223372036854775808,0,9223372036854775807,0
1756086330694000000,-9223372036854775808,0,9223372036854775807,0
1756086330794000000,-9223372036854775808,0,9223372036854775807,0
1756086330794000000,-9223372036854775808,0,9223372036854775807,0
1756086330894000000,-9223372036854775808,0,9223372036854775807,0
1756086331694000000,-9223372036854775808,0,9223372036854775807,0
1756086331694000000,-9223372036854775808,0,9223372036854775807,0
1756086331694000000,-9223372036854775808,0,9223372036854775807,0
1756086331694000000,-9223372036854775808,0,9223372036854775807,0
1756086331694000000,-9223372036854775808,0,9223372036854775807,0
1756086331795000000,-9223372036854775808,0,9223372036854775807,0
1756086331795000000,-9223372036854775808,0,9223372036854775807,0
1756086331795000000,-9223372036854775808,0,9223372036854775807,0
1756086331795000000,-9223372036854775808,0,9223372036854775807,0
1756086331795000000,-9223372036854775808,0,9223372036854775807,0
1756086331795000000,-9223372036854775808,0,9223372036854775807,0
1756086331895000000,-9223372036854775808,0,9223372036854775807,0
1756086331895000000,-9223372036854775808,0,9223372036854775807,0
1756086332295000000,-9223372036854775808,0,9223372036854775807,0
1756086332395000000,-9223372036854775808,0,9223372036854775807,0
1756086332395000000,-9223372036854775808,0,9223372036854775807,0
1756086332895000000,-9223372036854775808,0,9223372036854775807,0
1756086332895000000,-9223372036854775808,0,9223372036854775807,0
1756086332895000000,-9223372036854775808,0,9223372036854775807,0
1756086332995000000,-9223372036854775808,0,9223372036854775807,0
1756086332995000000,-9223372036854775808,0,9223372036854775807,0
1756086332995000000,-9223372036854775808,0,9223372036854775807,0
1756086332995000000,-9223372036854775808,0,9223372036854775807,0
1756086333596000000,-9223372036854775808,0,9223372036854775807,0
1756086333696000000,-9223372036854775808,0,9223372036854775807,0
1756086333696000000,-9223372036854775808,0,9223372036854775807,0
1756086333696000000,-9223372036854775808,0,9223372036854775807,0
1756086333696000000,-9223372036854775808,0,9223372036854775807,0
1756086333796000000,-9223372036854775808,0,9223372036854775807,0
1756086333796000000,-9223372036854775808,0,9223372036854775807,0
1756086333796000000,-9223372036854775808,0,9223372036854775807,0
1756086333796000000,-9223372036854775808,0,9223372036854775807,0
1756086333796000000,-9223372036854775808,0,9223372036854775807,0
1756086333896000000,-9223372036854775808,0,9223372036854775807,0
1756086333896000000,-9223372036854775808,0,9223372036854775807,0
1756086334396000000,-9223372036854775808,0,9223372036854775807,0
1756086334396000000,-9223372036854775808,0,9223372036854775807,0
1756086334597000000,-9223372036854775808,0,9223372036854775807,0
1756086334697000000,-9223372036854775808,0,9223372036854775807,0
1756086334797000000,-9223372036854775808,0,9223372036854775807,0
1756086334797000000,-9223372036854775808,0,9223372036854775807,0
1756086334797000000,-9223372036854775808,0,9223372036854775807,0
1756086334897000000,-9223372036854775808,0,9223372036854775807,0
1756086334897000000,-9223372036854775808,0,9223372036854775807,0
1756086335397000000,-9223372036854775808,0,9223372036854775807,0
1756086335397000000,-9223372036854775808,0,9223372036854775807,0
1756086335397000000,-9223372036854775808,0,9223372036854775807,0
1756086335397000000,-9223372036854775808,0,9223372036854775807,0
1756086335497000000,-9223372036854775808,0,9223372036854775807,0
1756086335497000000,-9223372036854775808,0,9223372036854775807,0
1756086335497000000,-9223372036854775808,0,9223372036854775807,0
1756086335497000000,-9223372036854775808,0,9223372036854775807,0
1756086335497000000,-9223372036854775808,0,9223372036854775807,0
1756086335597000000,-9223372036854775808,0,9223372036854775807,0
1756086335597000000,-9223372036854775808,0,9223372036854775807,0
1756086335597000000,-9223372036854775808,0,9223372036854775807,0
1756086335697000000,-9223372036854775808,0,9223372036854775807,0
1756086335697000000,-9223372036854775808,0,9223372036854775807,0
1756086335697000000,-9223372036854775808,0,9223372036854775807,0
1756086335697000000,-9223372036854775808,0,9223372036854775807,0
1756086335697000000,-9223372036854775808,0,9223372036854775807,0
1756086335697000000,-9223372036854775808,0,9223372036854775807,0
1756086335697000000,-9223372036854775808,0,9223372036854775807,0
1756086335797000000,-9223372036854775808,0,9223372036854775807,0
1756086335797000000,-9223372036854775808,0,9223372036854775807,0
1756086335897000000,-9223372036854775808,0,9223372036854775807,0
1756086335897000000,-9223372036854775808,0,9223372036854775807,0
1756086335897000000,-9223372036854775808,0,9223372036854775807,0
1756086335897000000,-9223372036854775808,0,9223372036854775807,0
1756086335997000000,-9223372036854775808,0,9223372036854775807,0
1756086335997000000,-9223372036854775808,0,9223372036854775807,0
1756086336098000000,-9223372036854775808,0,9223372036854775807,0
1756086336098000000,-9223372036854775808,0,9223372036854775807,0
1756086336198000000,-9223372036854775808,0,9223372036854775807,0
1756086336198000000,-9223372036854775808,0,9223372036854775807,0
1756086336198000000,-9223372036854775808,0,9223372036854775807,0
1756086336298000000,-9223372036854775808,0,9223372036854775807,0
1756086336698000000,-9223372036854775808,0,9223372036854775807,0
1756086336698000000,-9223372036854775808,0,9223372036854775807,0
1756086336698000000,-9223372036854775808,0,9223372036854775807,0
1756086336798000000,-9223372036854775808,0,9223372036854775807,0
1756086336798000000,-9223372036854775808,0,9223372036854775807,0
1756086337599000000,-9223372036854775808,0,9223372036854775807,0
1756086337699000000,-9223372036854775808,0,9223372036854775807,0
1756086337699000000,-9223372036854775808,0,9223372036854775807,0
1756086337699000000,-9223372036854775808,0,9223372036854775807,0
1756086337699000000,-9223372036854775808,0,9223372036854775807,0
1756086337699000000,-9223372036854775808,0,9223372036854775807,0
1756086337799000000,-9223372036854775808,0,9223372036854775807,0
1756086337799000000,-9223372036854775808,0,9223372036854775807,0
1756086337799000000,-9223372036854775808,0,9223372036854775807,0
1756086337799000000,-9223372036854775808,0,9223372036854775807,0
1756086337799000000,-9223372036854775808,0,9223372036854775807,0
1756086337899000000,-9223372036854775808,0,9223372036854775807,0
1756086337999000000,-9223372036854775808,0,9223372036854775807,0
1756086337999000000,-9223372036854775808,0,9223372036854775807,0
1756086337999000000,-9223372036854775808,0,9223372036854775807,0
1756086337999000000,-9223372036854775808,0,9223372036854775807,0
1756086338099000000,-9223372036854775808,0,9223372036854775807,0
1756086338099000000,-9223372036854775808,0,9223372036854775807,0
1756086338099000000,-9223372036854775808,0,9223372036854775807,0
1756086338099000000,-9223372036854775808,0,9223372036854775807,0
1756086338199000000,-9223372036854775808,0,9223372036854775807,0
1756086338800000000,-9223372036854775808,0,9223372036854775807,0
1756086338900000000,-9223372036854775808,0,9223372036854775807,0
1756086338900000000,-9223372036854775808,0,9223372036854775807,0
1756086338900000000,-9223372036854775808,0,9223372036854775807,0
1756086338900000000,-9223372036854775808,0,9223372036854775807,0
1756086338900000000,-9223372036854775808,0,9223372036854775807,0
1756086339000000000,-9223372036854775808,0,9223372036854775807,0
1756086339000000000,-9223372036854775808,0,9223372036854775807,0
1756086339000000000,-9223372036854775808,0,9223372036854775807,0
1756086339000000000,-9223372036854775808,0,9223372036854775807,0
1756086339200000000,-9223372036854775808,0,9223372036854775807,0
1756086339200000000,-9223372036854775808,0,9223372036854775807,0
1756086339300000000,-9223372036854775808,0,9223372036854775807,0
1756086339300000000,-9223372036854775808,0,9223372036854775807,0
1756086339400000000,-9223372036854775808,0,9223372036854775807,0
1756086339500000000,-9223372036854775808,0,9223372036854775807,0
1756086339500000000,-9223372036854775808,0,9223372036854775807,0
1756086340401000000,-9223372036854775808,0,9223372036854775807,0
1756086340401000000,-9223372036854775808,0,9223372036854775807,0
1756086340401000000,-9223372036854775808,0,9223372036854775807,0
1756086340401000000,-9223372036854775808,0,9223372036854775807,0
1756086340401000000,-9223372036854775808,0,9223372036854775807,0
1756086340501000000,-9223372036854775808,0,9223372036854775807,0
1756086340501000000,-9223372036854775808,0,9223372036854775807,0
1756086340501000000,-9223372036854775808,0,9223372036854775807,0
1756086340501000000,-9223372036854775808,0,9223372036854775807,0
1756086340701000000,-9223372036854775808,0,9223372036854775807,0
1756086341001000000,-9223372036854775808,0,9223372036854775807,0
1756086341101000000,-9223372036854775808,0,9223372036854775807,0
1756086341101000000,-9223372036854775808,0,9223372036854775807,0
1756086341401000000,-9223372036854775808,0,9223372036854775807,0
1756086342002000000,-9223372036854775808,0,9223372036854775807,0
1756086342002000000,-9223372036854775808,0,9223372036854775807,0
1756086342002000000,-9223372036854775808,0,9223372036854775807,0
1756086342002000000,-9223372036854775808,0,9223372036854775807,0
1756086342102000000,-9223372036854775808,0,9223372036854775807,0
1756086342102000000,-9223372036854775808,0,9223372036854775807,0
1756086343003000000,-9223372036854775808,0,9223372036854775807,0
1756086343003000000,-9223372036854775808,0,9223372036854775807,0
1756086343003000000,-9223372036854775808,0,9223372036854775807,0
1756086343003000000,-9223372036854775808,0,9223372036854775807,0
1756086343003000000,-9223372036854775808,0,9223372036854775807,0
1756086343103000000,-9223372036854775808,0,9223372036854775807,0
1756086343103000000,-9223372036854775808,0,9223372036854775807,0
1756086343103000000,-9223372036854775808,0,9223372036854775807,0
1756086343103000000,-9223372036854775808,0,9223372036854775807,0
1756086343103000000,-9223372036854775808,0,9223372036854775807,0
1756086343103000000,-9223372036854775808,0,9223372036854775807,0
1756086343203000000,-9223372036854775808,0,9223372036854775807,0
1756086343203000000,-9223372036854775808,0,9223372036854775807,0
1756086343303000000,-9223372036854775808,0,9223372036854775807,0
1756086343303000000,-9223372036854775808,0,9223372036854775807,0
1756086343403000000,-9223372036854775808,0,9223372036854775807,0
1756086343403000000,-9223372036854775808,0,9223372036854775807,0
1756086343703000000,-9223372036854775808,0,9223372036854775807,0
1756086343703000000,-9223372036854775808,0,9223372036854775807,0
1756086343803000000,-9223372036854775808,0,9223372036854775807,0
1756086343803000000,-9223372036854775808,0,9223372036854775807,0
1756086343903000000,-9223372036854775808,0,9223372036854775807,0
1756086343903000000,-9223372036854775808,0,9223372036854775807,0
1756086344003000000,-9223372036854775808,0,9223372036854775807,0
1756086344003000000,-9223372036854775808,0,9223372036854775807,0
1756086344304000000,-9223372036854775808,0,9223372036854775807,0
1756086344704000000,-9223372036854775808,0,9223372036854775807,0
1756086344704000000,-9223372036854775808,0,9223372036854775807,0
1756086344704000000,-9223372036854775808,0,9223372036854775807,0
1756086344804000000,-9223372036854775808,0,9223372036854775807,0
1756086344804000000,-9223372036854775808,0,9223372036854775807,0
1756086344804000000,-9223372036854775808,0,9223372036854775807,0
1756086344804000000,-9223372036854775808,0,9223372036854775807,0
1756086345605000000,-9223372036854775808,0,9223372036854775807,0
1756086345605000000,-9223372036854775808,0,9223372036854775807,0
1756086345605000000,-9223372036854775808,0,9223372036854775807,0
1756086345705000000,-9223372036854775808,0,9223372036854775807,0
1756086345705000000,-9223372036854775808,0,9223372036854775807,0
1756086345905000000,-9223372036854775808,0,9223372036854775807,0
1756086345905000000,-9223372036854775808,0,9223372036854775807,0
1756086346005000000,-9223372036854775808,0,9223372036854775807,0
1756086346005000000,-9223372036854775808,0,9223372036854775807,0
1756086346005000000,-9223372036854775808,0,9223372036854775807,0
1756086346005000000,-9223372036854775808,0,9223372036854775807,0
1756086346105000000,-9223372036854775808,0,9223372036854775807,0
1756086346105000000,-9223372036854775808,0,9223372036854775807,0
1756086346205000000,-9223372036854775808,0,9223372036854775807,0
1756086346205000000,-9223372036854775808,0,9223372036854775807,0
1756086346305000000,-9223372036854775808,0,9223372036854775807,0
1756086346305000000,-9223372036854775808,0,9223372036854775807,0
1756086346705000000,-9223372036854775808,0,9223372036854775807,0
1756086346705000000,-9223372036854775808,0,9223372036854775807,0
1756086346705000000,-9223372036854775808,0,9223372036854775807,0
1756086346705000000,-9223372036854775808,0,9223372036854775807,0
1756086346906000000,-9223372036854775808,0,9223372036854775807,0
1756086346906000000,-9223372036854775808,0,9223372036854775807,0
1756086346906000000,-9223372036854775808,0,9223372036854775807,0
1756086346906000000,-9223372036854775808,0,9223372036854775807,0
1756086347006000000,-9223372036854775808,0,9223372036854775807,0
1756086347006000000,-9223372036854775808,0,9223372036854775807,0
1756086347006000000,-9223372036854775808,0,9223372036854775807,0
1756086347006000000,-9223372036854775808,0,9223372036854775807,0
1756086347006000000,-9223372036854775808,0,9223372036854775807,0
1756086347006000000,-9223372036854775808,0,9223372036854775807,0
1756086347106000000,-9223372036854775808,0,9223372036854775807,0
1756086347106000000,-9223372036854775808,0,9223372036854775807,0
1756086347106000000,-9223372036854775808,0,9223372036854775807,0
1756086347106000000,-9223372036854775808,0,9223372036854775807,0
1756086347106000000,-9223372036854775808,0,9223372036854775807,0
1756086347206000000,-9223372036854775808,0,9223372036854775807,0
1756086347906000000,-9223372036854775808,0,9223372036854775807,0
1756086348006000000,-9223372036854775808,0,9223372036854775807,0
1756086348006000000,-9223372036854775808,0,9223372036854775807,0
1756086348006000000,-9223372036854775808,0,9223372036854775807,0
1756086348006000000,-9223372036854775808,0,9223372036854775807,0
1756086348006000000,-9223372036854775808,0,9223372036854775807,0
1756086348106000000,-9223372036854775808,0,9223372036854775807,0
1756086348407000000,-9223372036854775808,0,9223372036854775807,0
1756086348407000000,-9223372036854775808,0,9223372036854775807,0
1756086348407000000,-9223372036854775808,0,9223372036854775807,0
1756086348507000000,-9223372036854775808,0,9223372036854775807,0
1756086348507000000,-9223372036854775808,0,9223372036854775807,0
1756086348807000000,-9223372036854775808,0,9223372036854775807,0
1756086348907000000,-9223372036854775808,0,9223372036854775807,0
1756086348907000000,-9223372036854775808,0,9223372036854775807,0
1756086349007000000,-9223372036854775808,0,9223372036854775807,0
1756086349007000000,-9223372036854775808,0,9223372036854775807,0
1756086349107000000,-9223372036854775808,0,9223372036854775807,0
1756086349107000000,-9223372036854775808,0,9223372036854775807,0
1756086349608000000,-9223372036854775808,0,9223372036854775807,0
1756086349908000000,-9223372036854775808,0,9223372036854775807,0
1756086350608000000,-9223372036854775808,0,9223372036854775807,0
1756086350608000000,-9223372036854775808,0,9223372036854775807,0
1756086350708000000,-9223372036854775808,0,9223372036854775807,0
1756086350708000000,-9223372036854775808,0,9223372036854775807,0
1756086350708000000,-9223372036854775808,0,9223372036854775807,0
1756086350708000000,-9223372036854775808,0,9223372036854775807,0
1756086350908000000,-9223372036854775808,0,9223372036854775807,0
1756086350908000000,-9223372036854775808,0,9223372036854775807,0
1756086351009000000,-9223372036854775808,0,9223372036854775807,0
1756086351009000000,-9223372036854775808,0,9223372036854775807,0
1756086351109000000,-9223372036854775808,0,9223372036854775807,0
1756086351309000000,-9223372036854775808,0,9223372036854775807,0
1756086351409000000,-9223372036854775808,0,9223372036854775807,0
1756086351509000000,-9223372036854775808,0,9223372036854775807,0
1756086351509000000,-9223372036854775808,0,9223372036854775807,0
1756086351609000000,-9223372036854775808,0,9223372036854775807,0
1756086351609000000,-9223372036854775808,0,9223372036854775807,0
1756086351709000000,-9223372036854775808,0,9223372036854775807,0
1756086351709000000,-9223372036854775808,0,9223372036854775807,0
1756086351909000000,-9223372036854775808,0,9223372036854775807,0
1756086351909000000,-9223372036854775808,0,9223372036854775807,0
1756086352009000000,-9223372036854775808,0,9223372036854775807,0
1756086352009000000,-9223372036854775808,0,9223372036854775807,0
1756086352610000000,-9223372036854775808,0,9223372036854775807,0
1756086352710000000,-9223372036854775808,0,9223372036854775807,0
1756086352710000000,-9223372036854775808,0,9223372036854775807,0
1756086353911000000,-9223372036854775808,0,9223372036854775807,0
1756086353911000000,-9223372036854775808,0,9223372036854775807,0
1756086354011000000,-9223372036854775808,0,9223372036854775807,0
1756086354011000000,-9223372036854775808,0,9223372036854775807,0
1756086354211000000,-9223372036854775808,0,9223372036854775807,0
1756086354311000000,-9223372036854775808,0,9223372036854775807,0
1756086354311000000,-9223372036854775808,0,9223372036854775807,0
1756086354411000000,-9223372036854775808,0,9223372036854775807,0
1756086354411000000,-9223372036854775808,0,9223372036854775807,0
1756086354411000000,-9223372036854775808,0,9223372036854775807,0
1756086354411000000,-9223372036854775808,0,9223372036854775807,0
1756086354411000000,-9223372036854775808,0,9223372036854775807,0
1756086354511000000,-9223372036854775808,0,9223372036854775807,0
1756086354511000000,-9223372036854775808,0,9223372036854775807,0
1756086354911000000,-9223372036854775808,0,9223372036854775807,0
1756086355011000000,-9223372036854775808,0,9223372036854775807,0
1756086355011000000,-9223372036854775808,0,9223372036854775807,0
1756086355011000000,-9223372036854775808,0,9223372036854775807,0
1756086355011000000,-9223372036854775808,0,9223372036854775807,0
1756086355011000000,-9223372036854775808,0,9223372036854775807,0
1756086355112000000,-9223372036854775808,0,9223372036854775807,0
1756086355112000000,-9223372036854775808,0,9223372036854775807,0
1756086355112000000,-9223372036854775808,0,9223372036854775807,0
1756086355112000000,-9223372036854775808,0,9223372036854775807,0
1756086355612000000,-9223372036854775808,0,9223372036854775807,0
1756086355712000000,-9223372036854775808,0,9223372036854775807,0
1756086355712000000,-9223372036854775808,0,9223372036854775807,0
1756086355712000000,-9223372036854775808,0,9223372036854775807,0
1756086355812000000,-9223372036854775808,0,9223372036854775807,0
1756086355812000000,-9223372036854775808,0,9223372036854775807,0
1756086356012000000,-9223372036854775808,0,9223372036854775807,0
1756086356012000000,-9223372036854775808,0,9223372036854775807,0
1756086356012000000,-9223372036854775808,0,9223372036854775807,0
1756086356012000000,-9223372036854775808,0,9223372036854775807,0
1756086356012000000,-9223372036854775808,0,9223372036854775807,0
1756086356112000000,-9223372036854775808,0,9223372036854775807,0
1756086356112000000,-9223372036854775808,0,9223372036854775807,0
1756086356112000000,-9223372036854775808,0,9223372036854775807,0
1756086356112000000,-9223372036854775808,0,9223372036854775807,0
1756086356112000000,-9223372036854775808,0,9223372036854775807,0
1756086356212000000,-9223372036854775808,0,9223372036854775807,0
1756086356212000000,-9223372036854775808,0,9223372036854775807,0
1756086356713000000,-9223372036854775808,0,9223372036854775807,0
1756086356713000000,-9223372036854775808,0,9223372036854775807,0
1756086356813000000,-9223372036854775808,0,9223372036854775807,0
1756086356813000000,-9223372036854775808,0,9223372036854775807,0
1756086356913000000,-9223372036854775808,0,9223372036854775807,0
1756086356913000000,-9223372036854775808,0,9223372036854775807,0
1756086357013000000,-9223372036854775808,0,9223372036854775807,0
1756086357013000000,-9223372036854775808,0,9223372036854775807,0
1756086357613000000,-9223372036854775808,0,9223372036854775807,0
1756086357713000000,-9223372036854775808,0,9223372036854775807,0
1756086357713000000,-9223372036854775808,0,9223372036854775807,0
1756086357713000000,-9223372036854775808,0,9223372036854775807,0
1756086357713000000,-9223372036854775808,0,9223372036854775807,0
1756086357713000000,-9223372036854775808,0,9223372036854775807,0
1756086357813000000,-9223372036854775808,0,9223372036854775807,0
1756086357813000000,-9223372036854775808,0,9223372036854775807,0
1756086357813000000,-9223372036854775808,0,9223372036854775807,0
1756086357813000000,-9223372036854775808,0,9223372036854775807,0
1756086358414000000,-9223372036854775808,0,9223372036854775807,0
1756086358514000000,-9223372036854775808,0,9223372036854775807,0
1756086358614000000,-9223372036854775808,0,9223372036854775807,0
1756086358614000000,-9223372036854775808,0,9223372036854775807,0
1756086358714000000,-9223372036854775808,0,9223372036854775807,0
1756086358714000000,-9223372036854775808,0,9223372036854775807,0
1756086358714000000,-9223372036854775808,0,9223372036854775807,0
1756086358714000000,-9223372036854775808,0,9223372036854775807,0
1756086358814000000,-9223372036854775808,0,9223372036854775807,0
1756086358814000000,-9223372036854775808,0,9223372036854775807,0
1756086358814000000,-9223372036854775808,0,9223372036854775807,0
1756086358814000000,-9223372036854775808,0,9223372036854775807,0
1756086359315000000,-9223372036854775808,0,9223372036854775807,0
1756086359315000000,-9223372036854775808,0,9223372036854775807,0
1756086359315000000,-9223372036854775808,0,9223372036854775807,0
1756086359415000000,-9223372036854775808,0,9223372036854775807,0
1756086359415000000,-9223372036854775808,0,9223372036854775807,0
1756086359415000000,-9223372036854775808,0,9223372036854775807,0
1756086359415000000,-9223372036854775808,0,9223372036854775807,0
1756086359515000000,-9223372036854775808,0,9223372036854775807,0
1756086359715000000,-9223372036854775808,0,9223372036854775807,0
1756086359815000000,-9223372036854775808,0,9223372036854775807,0
1756086359915000000,-9223372036854775808,0,9223372036854775807,0
1756086359915000000,-9223372036854775808,0,9223372036854775807,0
1756086359915000000,-9223372036854775808,0,9223372036854775807,0
1756086360315000000,-9223372036854775808,0,9223372036854775807,0
1756086360315000000,-9223372036854775808,0,9223372036854775807,0
1756086360315000000,-9223372036854775808,0,9223372036854775807,0
1756086360315000000,-9223372036854775808,0,9223372036854775807,0
1756086360415000000,-9223372036854775808,0,9223372036854775807,0
1756086360415000000,-9223372036854775808,0,9223372036854775807,0
1756086360415000000,-9223372036854775808,0,9223372036854775807,0
1756086360816000000,-9223372036854775808,0,9223372036854775807,0
1756086360816000000,-9223372036854775808,0,9223372036854775807,0
1756086360816000000,-9223372036854775808,0,9223372036854775807,0
1756086360916000000,-9223372036854775808,0,9223372036854775807,0
1756086360916000000,-9223372036854775808,0,9223372036854775807,0
1756086360916000000,-9223372036854775808,0,9223372036854775807,0
1756086360916000000,-9223372036854775808,0,9223372036854775807,0
1756086360916000000,-9223372036854775808,0,9223372036854775807,0
1756086360916000000,-9223372036854775808,0,9223372036854775807,0
1756086360916000000,-9223372036854775808,0,9223372036854775807,0
1756086361016000000,-9223372036854775808,0,9223372036854775807,0
1756086361016000000,-9223372036854775808,0,9223372036854775807,0
1756086361016000000,-9223372036854775808,0,9223372036854775807,0
1756086361016000000,-9223372036854775808,0,9223372036854775807,0
1756086361316000000,-9223372036854775808,0,9223372036854775807,0
1756086361416000000,-9223372036854775808,0,9223372036854775807,0
1756086361516000000,-9223372036854775808,0,9223372036854775807,0
1756086361616000000,-9223372036854775808,0,9223372036854775807,0
1756086361616000000,-9223372036854775808,0,9223372036854775807,0
1756086361616000000,-9223372036854775808,0,9223372036854775807,0
1756086361716000000,-9223372036854775808,0,9223372036854775807,0
1756086361716000000,-9223372036854775808,0,9223372036854775807,0
1756086361916000000,-9223372036854775808,0,9223372036854775807,0
1756086361916000000,-9223372036854775808,0,9223372036854775807,0
1756086362016000000,-9223372036854775808,0,9223372036854775807,0
1756086362016000000,-9223372036854775808,0,9223372036854775807,0
1756086362016000000,-9223372036854775808,0,9223372036854775807,0
1756086362016000000,-9223372036854775808,0,9223372036854775807,0
1756086362517000000,-9223372036854775808,0,9223372036854775807,0
1756086362817000000,-9223372036854775808,0,9223372036854775807,0
1756086362817000000,-9223372036854775808,0,9223372036854775807,0
1756086362817000000,-9223372036854775808,0,9223372036854775807,0
1756086362817000000,-9223372036854775808,0,9223372036854775807,0
1756086362917000000,-9223372036854775808,0,9223372036854775807,0
1756086362917000000,-9223372036854775808,0,9223372036854775807,0
1756086362917000000,-9223372036854775808,0,9223372036854775807,0
1756086362917000000,-9223372036854775808,0,9223372036854775807,0
1756086362917000000,-9223372036854775808,0,9223372036854775807,0
1756086363017000000,-9223372036854775808,0,9223372036854775807,0
1756086363017000000,-9223372036854775808,0,9223372036854775807,0
1756086363017000000,-9223372036854775808,0,9223372036854775807,0
1756086363017000000,-9223372036854775808,0,9223372036854775807,0
1756086363017000000,-9223372036854775808,0,9223372036854775807,0
1756086363017000000,-9223372036854775808,0,9223372036854775807,0
1756086363017000000,-9223372036854775808,0,9223372036854775807,0
1756086363117000000,-9223372036854775808,0,9223372036854775807,0
1756086363117000000,-9223372036854775808,0,9223372036854775807,0
1756086363217000000,-9223372036854775808,0,9223372036854775807,0
1756086363217000000,-9223372036854775808,0,9223372036854775807,0
1756086363217000000,-9223372036854775808,0,9223372036854775807,0
1756086363317000000,-9223372036854775808,0,9223372036854775807,0
1756086363317000000,-9223372036854775808,0,9223372036854775807,0
1756086363317000000,-9223372036854775808,0,9223372036854775807,0
1756086363317000000,-9223372036854775808,0,9223372036854775807,0
1756086363317000000,-9223372036854775808,0,9223372036854775807,0
1756086363417000000,-9223372036854775808,0,9223372036854775807,0
1756086363417000000,-9223372036854775808,0,9223372036854775807,0
1756086363417000000,-9223372036854775808,0,9223372036854775807,0
1756086363417000000,-9223372036854775808,0,9223372036854775807,0
1756086363417000000,-9223372036854775808,0,9223372036854775807,0
1756086363417000000,-9223372036854775808,0,9223372036854775807,0
1756086363417000000,-9223372036854775808,0,9223372036854775807,0
1756086363417000000,-9223372036854775808,0,9223372036854775807,0
1756086363417000000,-9223372036854775808,0,9223372036854775807,0
1756086363517000000,-9223372036854775808,0,9223372036854775807,0
1756086363517000000,-9223372036854775808,0,9223372036854775807,0
1756086363517000000,-9223372036854775808,0,9223372036854775807,0
1756086363517000000,-9223372036854775808,0,9223372036854775807,0
1756086363618000000,-9223372036854775808,0,9223372036854775807,0
1756086363618000000,-9223372036854775808,0,9223372036854775807,0
1756086363718000000,-9223372036854775808,0,9223372036854775807,0
1756086363718000000,-9223372036854775808,0,9223372036854775807,0
1756086363918000000,-9223372036854775808,0,9223372036854775807,0
1756086363918000000,-9223372036854775808,0,9223372036854775807,0
1756086364018000000,-9223372036854775808,0,9223372036854775807,0
1756086364018000000,-9223372036854775808,0,9223372036854775807,0
1756086364018000000,-9223372036854775808,0,9223372036854775807,0
1756086364018000000,-9223372036854775808,0,9223372036854775807,0
1756086364118000000,-9223372036854775808,0,9223372036854775807,0
1756086364118000000,-9223372036854775808,0,9223372036854775807,0
1756086364618000000,-9223372036854775808,0,9223372036854775807,0
1756086364618000000,-9223372036854775808,0,9223372036854775807,0
1756086364618000000,-9223372036854775808,0,9223372036854775807,0
1756086364718000000,-9223372036854775808,0,9223372036854775807,0
1756086364718000000,-9223372036854775808,0,9223372036854775807,0
1756086364718000000,-9223372036854775808,0,9223372036854775807,0
1756086364718000000,-9223372036854775808,0,9223372036854775807,0
1756086364818000000,-9223372036854775808,0,9223372036854775807,0
1756086364818000000,-9223372036854775808,0,9223372036854775807,0
1756086364818000000,-9223372036854775808,0,9223372036854775807,0
1756086364818000000,-9223372036854775808,0,9223372036854775807,0
1756086364918000000,-9223372036854775808,0,9223372036854775807,0
1756086364918000000,-9223372036854775808,0,9223372036854775807,0
1756086365019000000,-9223372036854775808,0,9223372036854775807,0
1756086365019000000,-9223372036854775808,0,9223372036854775807,0
1756086365119000000,-9223372036854775808,0,9223372036854775807,0
1756086365119000000,-9223372036854775808,0,9223372036854775807,0
1756086365119000000,-9223372036854775808,0,9223372036854775807,0
1756086365119000000,-9223372036854775808,0,9223372036854775807,0
1756086365119000000,-9223372036854775808,0,9223372036854775807,0
1756086365119000000,-9223372036854775808,0,9223372036854775807,0
1756086365119000000,-9223372036854775808,0,9223372036854775807,0
1756086365119000000,-9223372036854775808,0,9223372036854775807,0
1756086365119000000,-9223372036854775808,0,9223372036854775807,0
1756086365119000000,-9223372036854775808,0,9223372036854775807,0
1756086365119000000,-9223372036854775808,0,9223372036854775807,0
1756086365119000000,-9223372036854775808,0,9223372036854775807,0
1756086365119000000,-9223372036854775808,0,9223372036854775807,0
1756086365319000000,-9223372036854775808,0,9223372036854775807,0
1756086365319000000,-9223372036854775808,0,9223372036854775807,0
1756086365719000000,-9223372036854775808,0,9223372036854775807,0
1756086365719000000,-9223372036854775808,0,9223372036854775807,0
1756086365719000000,-9223372036854775808,0,9223372036854775807,0
1756086365819000000,-9223372036854775808,0,9223372036854775807,0
1756086365819000000,-9223372036854775808,0,9223372036854775807,0
1756086365919000000,-9223372036854775808,0,9223372036854775807,0
1756086365919000000,-9223372036854775808,0,9223372036854775807,0
1756086365919000000,-9223372036854775808,0,9223372036854775807,0
1756086366019000000,-9223372036854775808,0,9223372036854775807,0
1756086366019000000,-9223372036854775808,0,9223372036854775807,0
1756086366720000000,-9223372036854775808,0,9223372036854775807,0
1756086366720000000,-9223372036854775808,0,9223372036854775807,0
1756086366820000000,-9223372036854775808,0,9223372036854775807,0
1756086366820000000,-9223372036854775808,0,9223372036854775807,0
1756086366820000000,-9223372036854775808,0,9223372036854775807,0
1756086366820000000,-9223372036854775808,0,9223372036854775807,0
1756086366820000000,-9223372036854775808,0,9223372036854775807,0
1756086366820000000,-9223372036854775808,0,9223372036854775807,0
1756086366920000000,-9223372036854775808,0,9223372036854775807,0
1756086367620000000,-9223372036854775808,0,9223372036854775807,0
1756086367720000000,-9223372036854775808,0,9223372036854775807,0
1756086367720000000,-9223372036854775808,0,9223372036854775807,0
1756086367720000000,-9223372036854775808,0,9223372036854775807,0
1756086367720000000,-9223372036854775808,0,9223372036854775807,0
1756086367821000000,-9223372036854775808,0,9223372036854775807,0
1756086367821000000,-9223372036854775808,0,9223372036854775807,0
1756086367821000000,-9223372036854775808,0,9223372036854775807,0
1756086367821000000,-9223372036854775808,0,9223372036854775807,0
1756086368021000000,-9223372036854775808,0,9223372036854775807,0
1756086368121000000,-9223372036854775808,0,9223372036854775807,0
1756086368221000000,-9223372036854775808,0,9223372036854775807,0
1756086368221000000,-9223372036854775808,0,9223372036854775807,0
1756086368321000000,-9223372036854775808,0,9223372036854775807,0
1756086368621000000,-9223372036854775808,0,9223372036854775807,0
1756086368721000000,-9223372036854775808,0,9223372036854775807,0
1756086368721000000,-9223372036854775808,0,9223372036854775807,0
1756086368721000000,-9223372036854775808,0,9223372036854775807,0
1756086368721000000,-9223372036854775808,0,9223372036854775807,0
1756086368721000000,-9223372036854775808,0,9223372036854775807,0
1756086368821000000,-9223372036854775808,0,9223372036854775807,0
1756086368821000000,-9223372036854775808,0,9223372036854775807,0
1756086368821000000,-9223372036854775808,0,9223372036854775807,0
1756086368821000000,-9223372036854775808,0,9223372036854775807,0
1756086369021000000,-9223372036854775808,0,9223372036854775807,0
1756086369121000000,-9223372036854775808,0,9223372036854775807,0
1756086369121000000,-9223372036854775808,0,9223372036854775807,0
1756086369221000000,-9223372036854775808,0,9223372036854775807,0
1756086369221000000,-9223372036854775808,0,9223372036854775807,0
1756086369822000000,-9223372036854775808,0,9223372036854775807,0
1756086369822000000,-9223372036854775808,0,9223372036854775807,0
1756086369822000000,-9223372036854775808,0,9223372036854775807,0
1756086369922000000,-9223372036854775808,0,9223372036854775807,0
1756086370022000000,-9223372036854775808,0,9223372036854775807,0
1756086370022000000,-9223372036854775808,0,9223372036854775807,0
1756086370022000000,-9223372036854775808,0,9223372036854775807,0
1756086370022000000,-9223372036854775808,0,9223372036854775807,0
1756086370022000000,-9223372036854775808,0,9223372036854775807,0
1756086370022000000,-9223372036854775808,0,9223372036854775807,0
1756086370022000000,-9223372036854775808,0,9223372036854775807,0
1756086370022000000,-9223372036854775808,0,9223372036854775807,0
1756086370122000000,-9223372036854775808,0,9223372036854775807,0
1756086370122000000,-9223372036854775808,0,9223372036854775807,0
1756086370122000000,-9223372036854775808,0,9223372036854775807,0
1756086370222000000,-9223372036854775808,0,9223372036854775807,0
1756086370222000000,-9223372036854775808,0,9223372036854775807,0
1756086370222000000,-9223372036854775808,0,9223372036854775807,0
1756086370322000000,-9223372036854775808,0,9223372036854775807,0
1756086370322000000,-9223372036854775808,0,9223372036854775807,0
1756086370322000000,-9223372036854775808,0,9223372036854775807,0
1756086370422000000,-9223372036854775808,0,9223372036854775807,0
1756086370422000000,-9223372036854775808,0,9223372036854775807,0
1756086370723000000,-9223372036854775808,0,9223372036854775807,0
1756086370723000000,-9223372036854775808,0,9223372036854775807,0
1756086370723000000,-9223372036854775808,0,9223372036854775807,0
1756086370723000000,-9223372036854775808,0,9223372036854775807,0
1756086370723000000,-9223372036854775808,0,9223372036854775807,0
1756086370723000000,-9223372036854775808,0,9223372036854775807,0
1756086370723000000,-9223372036854775808,0,9223372036854775807,0
1756086370723000000,-9223372036854775808,0,9223372036854775807,0
1756086370723000000,-9223372036854775808,0,9223372036854775807,0
1756086370723000000,-9223372036854775808,0,9223372036854775807,0
1756086370723000000,-9223372036854775808,0,9223372036854775807,0
1756086370723000000,-9223372036854775808,0,9223372036854775807,0
1756086370723000000,-9223372036854775808,0,9223372036854775807,0
1756086370723000000,-9223372036854775808,0,9223372036854775807,0
1756086370823000000,-9223372036854775808,0,9223372036854775807,0
1756086370923000000,-9223372036854775808,0,9223372036854775807,0
1756086371023000000,-9223372036854775808,0,9223372036854775807,0
1756086371023000000,-9223372036854775808,0,9223372036854775807,0
1756086371023000000,-9223372036854775808,0,9223372036854775807,0
1756086371023000000,-9223372036854775808,0,9223372036854775807,0
1756086371123000000,-9223372036854775808,0,9223372036854775807,0
1756086371123000000,-9223372036854775808,0,9223372036854775807,0
1756086371123000000,-9223372036854775808,0,9223372036854775807,0
1756086371223000000,-9223372036854775808,0,9223372036854775807,0
1756086371223000000,-9223372036854775808,0,9223372036854775807,0
1756086371223000000,-9223372036854775808,0,9223372036854775807,0
1756086371223000000,-9223372036854775808,0,9223372036854775807,0
1756086371223000000,-9223372036854775808,0,9223372036854775807,0
1756086371323000000,-9223372036854775808,0,9223372036854775807,0
1756086371323000000,-9223372036854775808,0,9223372036854775807,0
1756086371323000000,-9223372036854775808,0,9223372036854775807,0
1756086371323000000,-9223372036854775808,0,9223372036854775807,0
1756086371423000000,-9223372036854775808,0,9223372036854775807,0
1756086371423000000,-9223372036854775808,0,9223372036854775807,0
1756086371523000000,-9223372036854775808,0,9223372036854775807,0
1756086371523000000,-9223372036854775808,0,9223372036854775807,0
1756086371823000000,-9223372036854775808,0,9223372036854775807,0
1756086371823000000,-9223372036854775808,0,9223372036854775807,0
1756086371823000000,-9223372036854775808,0,9223372036854775807,0
1756086371823000000,-9223372036854775808,0,9223372036854775807,0
1756086371823000000,-9223372036854775808,0,9223372036854775807,0
1756086371823000000,-9223372036854775808,0,9223372036854775807,0
1756086371823000000,-9223372036854775808,0,9223372036854775807,0
1756086371823000000,-9223372036854775808,0,9223372036854775807,0
1756086371823000000,-9223372036854775808,0,9223372036854775807,0
1756086371823000000,-9223372036854775808,0,9223372036854775807,0
1756086371923000000,-9223372036854775808,0,9223372036854775807,0
1756086371923000000,-9223372036854775808,0,9223372036854775807,0
1756086371923000000,-9223372036854775808,0,9223372036854775807,0
1756086371923000000,-9223372036854775808,0,9223372036854775807,0
1756086371923000000,-9223372036854775808,0,9223372036854775807,0
1756086372024000000,-9223372036854775808,0,9223372036854775807,0
1756086372024000000,-9223372036854775808,0,9223372036854775807,0
1756086372224000000,-9223372036854775808,0,9223372036854775807,0
1756086372324000000,-9223372036854775808,0,9223372036854775807,0
1756086372424000000,-9223372036854775808,0,9223372036854775807,0
1756086372424000000,-9223372036854775808,0,9223372036854775807,0
1756086372824000000,-9223372036854775808,0,9223372036854775807,0
1756086372824000000,-9223372036854775808,0,9223372036854775807,0
1756086372824000000,-9223372036854775808,0,9223372036854775807,0
1756086372924000000,-9223372036854775808,0,9223372036854775807,0
1756086372924000000,-9223372036854775808,0,9223372036854775807,0
1756086372924000000,-9223372036854775808,0,9223372036854775807,0
1756086372924000000,-9223372036854775808,0,9223372036854775807,0
1756086373625000000,-9223372036854775808,0,9223372036854775807,0
1756086373825000000,-9223372036854775808,0,9223372036854775807,0
1756086373825000000,-9223372036854775808,0,9223372036854775807,0
1756086373825000000,-9223372036854775808,0,9223372036854775807,0
1756086373825000000,-9223372036854775808,0,9223372036854775807,0
1756086373925000000,-9223372036854775808,0,9223372036854775807,0
1756086373925000000,-9223372036854775808,0,9223372036854775807,0
1756086373925000000,-9223372036854775808,0,9223372036854775807,0
1756086373925000000,-9223372036854775808,0,9223372036854775807,0
1756086374225000000,-9223372036854775808,0,9223372036854775807,0
1756086374325000000,-9223372036854775808,0,9223372036854775807,0
1756086374325000000,-9223372036854775808,0,9223372036854775807,0
1756086374425000000,-9223372036854775808,0,9223372036854775807,0
1756086375126000000,-9223372036854775808,0,9223372036854775807,0
1756086375126000000,-9223372036854775808,0,9223372036854775807,0
1756086375226000000,-9223372036854775808,0,9223372036854775807,0
1756086375426000000,-9223372036854775808,0,9223372036854775807,0
1756086375426000000,-9223372036854775808,0,9223372036854775807,0
1756086375526000000,-9223372036854775808,0,9223372036854775807,0
1756086375526000000,-9223372036854775808,0,9223372036854775807,0
1756086375526000000,-9223372036854775808,0,9223372036854775807,0
1756086375526000000,-9223372036854775808,0,9223372036854775807,0
1756086375526000000,-9223372036854775808,0,9223372036854775807,0
1756086375626000000,-9223372036854775808,0,9223372036854775807,0
1756086375626000000,-9223372036854775808,0,9223372036854775807,0
1756086375726000000,-9223372036854775808,0,9223372036854775807,0
1756086375726000000,-9223372036854775808,0,9223372036854775807,0
1756086375826000000,-9223372036854775808,0,9223372036854775807,0
1756086375826000000,-9223372036854775808,0,9223372036854775807,0
1756086376327000000,-9223372036854775808,0,9223372036854775807,0
1756086376327000000,-9223372036854775808,0,9223372036854775807,0
1756086376427000000,-9223372036854775808,0,9223372036854775807,0
1756086376427000000,-9223372036854775808,0,9223372036854775807,0
1756086376427000000,-9223372036854775808,0,9223372036854775807,0
1756086376527000000,-9223372036854775808,0,9223372036854775807,0
1756086376527000000,-9223372036854775808,0,9223372036854775807,0
1756086376527000000,-9223372036854775808,0,9223372036854775807,0
1756086376527000000,-9223372036854775808,0,9223372036854775807,0
1756086376527000000,-9223372036854775808,0,9223372036854775807,0
1756086376627000000,-9223372036854775808,0,9223372036854775807,0
1756086376627000000,-9223372036854775808,0,9223372036854775807,0
1756086376727000000,-9223372036854775808,0,9223372036854775807,0
1756086376727000000,-9223372036854775808,0,9223372036854775807,0
1756086376727000000,-9223372036854775808,0,9223372036854775807,0
1756086376827000000,-9223372036854775808,0,9223372036854775807,0
1756086376827000000,-9223372036854775808,0,9223372036854775807,0
1756086376827000000,-9223372036854775808,0,9223372036854775807,0
1756086376827000000,-9223372036854775808,0,9223372036854775807,0
1756086376827000000,-9223372036854775808,0,9223372036854775807,0
1756086376827000000,-9223372036854775808,0,9223372036854775807,0
1756086376827000000,-9223372036854775808,0,9223372036854775807,0
1756086376827000000,-9223372036854775808,0,9223372036854775807,0
1756086376927000000,-9223372036854775808,0,9223372036854775807,0
1756086376927000000,-9223372036854775808,0,9223372036854775807,0
1756086376927000000,-9223372036854775808,0,9223372036854775807,0
1756086376927000000,-9223372036854775808,0,9223372036854775807,0
1756086377327000000,-9223372036854775808,0,9223372036854775807,0
1756086377327000000,-9223372036854775808,0,9223372036854775807,0
1756086377628000000,-9223372036854775808,0,9223372036854775807,0
1756086378128000000,-9223372036854775808,0,9223372036854775807,0
1756086378328000000,-9223372036854775808,0,9223372036854775807,0
1756086378328000000,-9223372036854775808,0,9223372036854775807,0
1756086378328000000,-9223372036854775808,0,9223372036854775807,0
1756086378328000000,-9223372036854775808,0,9223372036854775807,0
1756086378428000000,-9223372036854775808,0,9223372036854775807,0
1756086378428000000,-9223372036854775808,0,9223372036854775807,0
1756086378428000000,-9223372036854775808,0,9223372036854775807,0
1756086378428000000,-9223372036854775808,0,9223372036854775807,0
1756086378828000000,-9223372036854775808,0,9223372036854775807,0
1756086378828000000,-9223372036854775808,0,9223372036854775807,0
1756086378828000000,-9223372036854775808,0,9223372036854775807,0
1756086378929000000,-9223372036854775808,0,9223372036854775807,0
1756086378929000000,-9223372036854775808,0,9223372036854775807,0
1756086379129000000,-9223372036854775808,0,9223372036854775807,0
1756086379229000000,-9223372036854775808,0,9223372036854775807,0
1756086379229000000,-9223372036854775808,0,9223372036854775807,0
1756086379429000000,-9223372036854775808,0,9223372036854775807,0
1756086379429000000,-9223372036854775808,0,9223372036854775807,0
1756086379429000000,-9223372036854775808,0,9223372036854775807,0
1756086379529000000,-9223372036854775808,0,9223372036854775807,0
1756086379529000000,-9223372036854775808,0,9223372036854775807,0
1756086379929000000,-9223372036854775808,0,9223372036854775807,0
1756086380029000000,-9223372036854775808,0,9223372036854775807,0
1756086380029000000,-9223372036854775808,0,9223372036854775807,0
1756086380229000000,-9223372036854775808,0,9223372036854775807,0
1756086380330000000,-9223372036854775808,0,9223372036854775807,0
1756086380330000000,-9223372036854775808,0,9223372036854775807,0
1756086380430000000,-9223372036854775808,0,9223372036854775807,0
1756086380430000000,-9223372036854775808,0,9223372036854775807,0
1756086380430000000,-9223372036854775808,0,9223372036854775807,0
1756086380430000000,-9223372036854775808,0,9223372036854775807,0
1756086380530000000,-9223372036854775808,0,9223372036854775807,0
1756086380630000000,-9223372036854775808,0,9223372036854775807,0
1756086380630000000,-9223372036854775808,0,9223372036854775807,0
1756086380730000000,-9223372036854775808,0,9223372036854775807,0
1756086380730000000,-9223372036854775808,0,9223372036854775807,0
1756086381030000000,-9223372036854775808,0,9223372036854775807,0
1756086381030000000,-9223372036854775808,0,9223372036854775807,0
1756086381130000000,-9223372036854775808,0,9223372036854775807,0
1756086381130000000,-9223372036854775808,0,9223372036854775807,0
1756086381230000000,-9223372036854775808,0,9223372036854775807,0
1756086381230000000,-9223372036854775808,0,9223372036854775807,0
1756086381530000000,-9223372036854775808,0,9223372036854775807,0
1756086381530000000,-9223372036854775808,0,9223372036854775807,0
1756086381530000000,-9223372036854775808,0,9223372036854775807,0
1756086381630000000,-9223372036854775808,0,9223372036854775807,0
1756086381630000000,-9223372036854775808,0,9223372036854775807,0
1756086381630000000,-9223372036854775808,0,9223372036854775807,0
1756086381630000000,-9223372036854775808,0,9223372036854775807,0
1756086381831000000,-9223372036854775808,0,9223372036854775807,0
1756086381831000000,-9223372036854775808,0,9223372036854775807,0
1756086381831000000,-9223372036854775808,0,9223372036854775807,0
1756086382031000000,-9223372036854775808,0,9223372036854775807,0
1756086382231000000,-9223372036854775808,0,9223372036854775807,0
1756086382931000000,-9223372036854775808,0,9223372036854775807,0
1756086383232000000,-9223372036854775808,0,9223372036854775807,0
1756086383232000000,-9223372036854775808,0,9223372036854775807,0
1756086383232000000,-9223372036854775808,0,9223372036854775807,0
1756086383332000000,-9223372036854775808,0,9223372036854775807,0
1756086383332000000,-9223372036854775808,0,9223372036854775807,0
1756086383332000000,-9223372036854775808,0,9223372036854775807,0
1756086383332000000,-9223372036854775808,0,9223372036854775807,0
1756086383532000000,-9223372036854775808,0,9223372036854775807,0
1756086383832000000,-9223372036854775808,0,9223372036854775807,0
1756086383832000000,-9223372036854775808,0,9223372036854775807,0
1756086383832000000,-9223372036854775808,0,9223372036854775807,0
1756086383832000000,-9223372036854775808,0,9223372036854775807,0
1756086383932000000,-9223372036854775808,0,9223372036854775807,0
1756086383932000000,-9223372036854775808,0,9223372036854775807,0
1756086383932000000,-9223372036854775808,0,9223372036854775807,0
1756086383932000000,-9223372036854775808,0,9223372036854775807,0
1756086384232000000,-9223372036854775808,0,9223372036854775807,0
1756086384633000000,-9223372036854775808,0,9223372036854775807,0
1756086384733000000,-9223372036854775808,0,9223372036854775807,0
1756086384733000000,-9223372036854775808,0,9223372036854775807,0
1756086384733000000,-9223372036854775808,0,9223372036854775807,0
1756086384733000000,-9223372036854775808,0,9223372036854775807,0
1756086384833000000,-9223372036854775808,0,9223372036854775807,0
1756086384833000000,-9223372036854775808,0,9223372036854775807,0
1756086384833000000,-9223372036854775808,0,9223372036854775807,0
1756086384833000000,-9223372036854775808,0,9223372036854775807,0
1756086384833000000,-9223372036854775808,0,9223372036854775807,0
1756086384933000000,-9223372036854775808,0,9223372036854775807,0
1756086384933000000,-9223372036854775808,0,9223372036854775807,0
1756086384933000000,-9223372036854775808,0,9223372036854775807,0
1756086384933000000,-9223372036854775808,0,9223372036854775807,0
1756086385433000000,-9223372036854775808,0,9223372036854775807,0
1756086385833000000,-9223372036854775808,0,9223372036854775807,0
1756086385833000000,-9223372036854775808,0,9223372036854775807,0
1756086385833000000,-9223372036854775808,0,9223372036854775807,0
1756086385934000000,-9223372036854775808,0,9223372036854775807,0
1756086385934000000,-9223372036854775808,0,9223372036854775807,0
1756086386434000000,-9223372036854775808,0,9223372036854775807,0
1756086386734000000,-9223372036854775808,0,9223372036854775807,0
1756086386734000000,-9223372036854775808,0,9223372036854775807,0
1756086386734000000,-9223372036854775808,0,9223372036854775807,0
1756086386834000000,-9223372036854775808,0,9223372036854775807,0
1756086386834000000,-9223372036854775808,0,9223372036854775807,0
1756086387034000000,-9223372036854775808,0,9223372036854775807,0
1756086387034000000,-9223372036854775808,0,9223372036854775807,0
1756086387034000000,-9223372036854775808,0,9223372036854775807,0
1756086387034000000,-9223372036854775808,0,9223372036854775807,0
1756086387034000000,-9223372036854775808,0,9223372036854775807,0
1756086387034000000,-9223372036854775808,0,9223372036854775807,0
1756086387034000000,-9223372036854775808,0,9223372036854775807,0
1756086387034000000,-9223372036854775808,0,9223372036854775807,0
1756086387835000000,-9223372036854775808,0,9223372036854775807,0
1756086388836000000,-9223372036854775808,0,9223372036854775807,0
1756086388836000000,-9223372036854775808,0,9223372036854775807,0
1756086388836000000,-9223372036854775808,0,9223372036854775807,0
1756086388936000000,-9223372036854775808,0,9223372036854775807,0
1756086388936000000,-9223372036854775808,0,9223372036854775807,0
1756086388936000000,-9223372036854775808,0,9223372036854775807,0
1756086389136000000,-9223372036854775808,0,9223372036854775807,0
1756086389136000000,-9223372036854775808,0,9223372036854775807,0
1756086389136000000,-9223372036854775808,0,9223372036854775807,0
1756086389236000000,-9223372036854775808,0,9223372036854775807,0
1756086389236000000,-9223372036854775808,0,9223372036854775807,0
1756086389336000000,-9223372036854775808,0,9223372036854775807,0
1756086389436000000,-9223372036854775808,0,9223372036854775807,0
1756086389436000000,-9223372036854775808,0,9223372036854775807,0
1756086389436000000,-9223372036854775808,0,9223372036854775807,0
1756086389436000000,-9223372036854775808,0,9223372036854775807,0
1756086389436000000,-9223372036854775808,0,9223372036854775807,0
1756086389536000000,-9223372036854775808,0,9223372036854775807,0
1756086389536000000,-9223372036854775808,0,9223372036854775807,0
1756086389636000000,-9223372036854775808,0,9223372036854775807,0
1756086389736000000,-9223372036854775808,0,9223372036854775807,0
1756086389736000000,-9223372036854775808,0,9223372036854775807,0
1756086389836000000,-9223372036854775808,0,9223372036854775807,0
1756086389836000000,-9223372036854775808,0,9223372036854775807,0
1756086389937000000,-9223372036854775808,0,9223372036854775807,0
1756086389937000000,-9223372036854775808,0,9223372036854775807,0
1756086389937000000,-9223372036854775808,0,9223372036854775807,0
1756086390237000000,-9223372036854775808,0,9223372036854775807,0
1756086390237000000,-9223372036854775808,0,9223372036854775807,0
1756086390437000000,-9223372036854775808,0,9223372036854775807,0
1756086390437000000,-9223372036854775808,0,9223372036854775807,0
1756086390537000000,-9223372036854775808,0,9223372036854775807,0
1756086390537000000,-9223372036854775808,0,9223372036854775807,0
1756086390737000000,-9223372036854775808,0,9223372036854775807,0
1756086391137000000,-9223372036854775808,0,9223372036854775807,0
1756086391137000000,-9223372036854775808,0,9223372036854775807,0
1756086391237000000,-9223372036854775808,0,9223372036854775807,0
1756086392138000000,-9223372036854775808,0,9223372036854775807,0
1756086392138000000,-9223372036854775808,0,9223372036854775807,0
1756086392138000000,-9223372036854775808,0,9223372036854775807,0
1756086392238000000,-9223372036854775808,0,9223372036854775807,0
1756086392238000000,-9223372036854775808,0,9223372036854775807,0
1756086392238000000,-9223372036854775808,0,9223372036854775807,0
1756086392238000000,-9223372036854775808,0,9223372036854775807,0
1756086392739000000,-9223372036854775808,0,9223372036854775807,0
1756086392939000000,-9223372036854775808,0,9223372036854775807,0
1756086392939000000,-9223372036854775808,0,9223372036854775807,0
1756086393039000000,-9223372036854775808,0,9223372036854775807,0
1756086393039000000,-9223372036854775808,0,9223372036854775807,0
1756086393039000000,-9223372036854775808,0,9223372036854775807,0
1756086393139000000,-9223372036854775808,0,9223372036854775807,0
1756086393139000000,-9223372036854775808,0,9223372036854775807,0
1756086393139000000,-9223372036854775808,0,9223372036854775807,0
1756086393139000000,-9223372036854775808,0,9223372036854775807,0
1756086393139000000,-9223372036854775808,0,9223372036854775807,0
1756086393239000000,-9223372036854775808,0,9223372036854775807,0
1756086393239000000,-9223372036854775808,0,9223372036854775807,0
1756086393239000000,-9223372036854775808,0,9223372036854775807,0
1756086393239000000,-9223372036854775808,0,9223372036854775807,0
1756086393439000000,-9223372036854775808,0,9223372036854775807,0
1756086393439000000,-9223372036854775808,0,9223372036854775807,0
1756086393539000000,-9223372036854775808,0,9223372036854775807,0
1756086393539000000,-9223372036854775808,0,9223372036854775807,0
1756086393539000000,-9223372036854775808,0,9223372036854775807,0
1756086393539000000,-9223372036854775808,0,9223372036854775807,0
1756086393639000000,-9223372036854775808,0,9223372036854775807,0
1756086393639000000,-9223372036854775808,0,9223372036854775807,0
1756086393839000000,-9223372036854775808,0,9223372036854775807,0
1756086394540000000,-9223372036854775808,0,9223372036854775807,0
1756086394640000000,-9223372036854775808,0,9223372036854775807,0
1756086394640000000,-9223372036854775808,0,9223372036854775807,0
1756086394640000000,-9223372036854775808,0,9223372036854775807,0
1756086394640000000,-9223372036854775808,0,9223372036854775807,0
1756086394640000000,-9223372036854775808,0,9223372036854775807,0
1756086394740000000,-9223372036854775808,0,9223372036854775807,0
1756086394740000000,-9223372036854775808,0,9223372036854775807,0
1756086394740000000,-9223372036854775808,0,9223372036854775807,0
1756086394740000000,-9223372036854775808,0,9223372036854775807,0
1756086394840000000,-9223372036854775808,0,9223372036854775807,0
1756086394940000000,-9223372036854775808,0,9223372036854775807,0
1756086394940000000,-9223372036854775808,0,9223372036854775807,0
1756086395641000000,-9223372036854775808,0,9223372036854775807,0
1756086395641000000,-9223372036854775808,0,9223372036854775807,0
1756086395641000000,-9223372036854775808,0,9223372036854775807,0
1756086395741000000,-9223372036854775808,0,9223372036854775807,0
1756086395741000000,-9223372036854775808,0,9223372036854775807,0
1756086395741000000,-9223372036854775808,0,9223372036854775807,0
1756086395741000000,-9223372036854775808,0,9223372036854775807,0
1756086396141000000,-9223372036854775808,0,9223372036854775807,0
1756086396241000000,-9223372036854775808,0,9223372036854775807,0
1756086396241000000,-9223372036854775808,0,9223372036854775807,0
1756086397142000000,-9223372036854775808,0,9223372036854775807,0
1756086397142000000,-9223372036854775808,0,9223372036854775807,0
1756086397142000000,-9223372036854775808,0,9223372036854775807,0
1756086397142000000,-9223372036854775808,0,9223372036854775807,0
1756086397142000000,-9223372036854775808,0,9223372036854775807,0
1756086397242000000,-9223372036854775808,0,9223372036854775807,0
1756086397242000000,-9223372036854775808,0,9223372036854775807,0
1756086397342000000,-9223372036854775808,0,9223372036854775807,0
1756086397442000000,-9223372036854775808,0,9223372036854775807,0
1756086397442000000,-9223372036854775808,0,9223372036854775807,0
1756086398142000000,-9223372036854775808,0,9223372036854775807,0
1756086398142000000,-9223372036854775808,0,9223372036854775807,0
1756086398142000000,-9223372036854775808,0,9223372036854775807,0
1756086398142000000,-9223372036854775808,0,9223372036854775807,0
1756086398142000000,-9223372036854775808,0,9223372036854775807,0
1756086398142000000,-9223372036854775808,0,9223372036854775807,0
1756086398243000000,-9223372036854775808,0,9223372036854775807,0
1756086398243000000,-9223372036854775808,0,9223372036854775807,0
1756086398443000000,-9223372036854775808,0,9223372036854775807,0
1756086398543000000,-9223372036854775808,0,9223372036854775807,0
1756086398543000000,-9223372036854775808,0,9223372036854775807,0
1756086398843000000,-9223372036854775808,0,9223372036854775807,0
1756086399143000000,-9223372036854775808,0,9223372036854775807,0
1756086399143000000,-9223372036854775808,0,9223372036854775807,0
1756086399243000000,-9223372036854775808,0,9223372036854775807,0
1756086399243000000,-9223372036854775808,0,9223372036854775807,0
1756086399243000000,-9223372036854775808,0,9223372036854775807,0
1756086399343000000,-9223372036854775808,0,9223372036854775807,0
1756086399343000000,-9223372036854775808,0,9223372036854775807,0
