ts_ns,type,side,price,qty
1756090800211000000,book,B,113231.57,0.00584
1756090800311000000,book,B,113231.58,0.01752
1756090800311000000,book,B,113231.56,0.0
1756090800412000000,book,A,113452.08,0.00028
1756090801813000000,book,B,113231.59,0.02
1756090801813000000,book,B,113231.57,0.00564
1756090801913000000,book,B,113231.6,0.01752
1756090801913000000,book,B,113231.58,0.0
1756090802113000000,book,A,113452.13,0.0
1756090802213000000,book,A,113452.07,0.34373
1756090802313000000,book,B,113231.59,0.0
1756090802313000000,book,A,113452.06,0.59379
1756090802313000000,book,A,113452.09,0.0
1756090802413000000,book,B,113231.6,0.0
1756090802413000000,book,B,113231.58,0.01752
1756090802713000000,book,B,113231.59,0.00043
1756090802813000000,book,B,113093.9,0.1224
1756090802813000000,book,B,113093.88,0.0
1756090802813000000,book,B,113093.63,0.0
1756090802813000000,book,A,113452.04,0.21741
1756090802813000000,book,A,113452.05,0.04634
1756090802813000000,book,A,113452.1,0.0
1756090802813000000,book,A,113452.15,0.0
1756090802913000000,book,B,113093.91,0.1001
1756090802913000000,book,B,113093.89,0.0
1756090802913000000,book,B,113074.28,0.02316
1756090802913000000,book,A,113452.03,0.691
1756090802913000000,book,A,113452.04,0.1202
1756090802913000000,book,A,113452.06,0.0
1756090803214000000,book,B,113231.42,0.0
1756090803814000000,book,A,113452.02,0.04634
1756090803814000000,book,A,113452.05,0.0
1756090803914000000,book,A,113452.01,0.59379
1756090803914000000,book,A,113452.03,0.09721
1756090804014000000,book,A,113452.08,0.0
1756090804014000000,book,A,141574.17,0.00018
1756090804114000000,book,A,113452.0,0.00028
1756090804615000000,book,B,113152.38,0.00382
1756090804715000000,book,B,113152.39,0.1001
1756090804715000000,book,B,113093.91,0.0
1756090804815000000,book,A,141574.17,0.00027
1756090805215000000,book,B,113231.59,0.00781
1756090805315000000,book,B,113231.6,0.01752
1756090805315000000,book,B,113231.58,0.0
1756090805315000000,book,A,141574.17,0.00036
1756090806116000000,book,A,141574.17,0.00045
1756090806116000000,book,A,141816.73,0.0
1756090806316000000,book,A,113452.07,0.0
1756090806416000000,book,A,113451.98,0.04326
1756090806416000000,book,A,113451.99,0.34373
1756090806416000000,book,A,113452.02,0.0
1756090806516000000,book,A,113451.97,0.59379
1756090806516000000,book,A,113452.01,0.0
1756090806616000000,book,B,113152.4,0.1224
1756090806616000000,book,B,113093.9,0.0
1756090806616000000,book,A,113451.96,0.21741
1756090806616000000,book,A,113452.03,0.0
1756090806616000000,book,A,113452.04,0.0
1756090806716000000,book,B,113152.41,0.1001
1756090806716000000,book,B,113152.39,0.0
1756090806716000000,book,A,113451.95,0.59379
1756090806716000000,book,A,113451.97,0.0
1756090807416000000,book,A,113451.94,0.04326
1756090807416000000,book,A,113451.98,0.0
1756090807517000000,book,A,113451.93,0.59379
1756090807517000000,book,A,113451.95,0.0
1756090807817000000,book,A,141574.17,0.00045
1756090807917000000,book,A,113451.92,0.04444
1756090808017000000,book,A,113451.91,0.59379
1756090808017000000,book,A,113451.93,0.0
1756090808117000000,book,A,113451.91,0.59407
1756090808117000000,book,A,113452.0,0.0
1756090808417000000,book,A,113451.9,0.0
1756090808417000000,book,A,113451.94,0.0
1756090809418000000,book,A,113451.9,0.0443
1756090809418000000,book,A,113451.92,0.0
1756090809518000000,book,A,113451.89,0.59379
1756090809518000000,book,A,113451.91,0.00028
1756090809618000000,book,A,113451.88,0.0443
1756090809718000000,book,A,113451.87,0.59379
1756090809718000000,book,A,113451.89,0.0
1756090809918000000,book,A,113451.86,0.0443
1756090809918000000,book,A,113451.88,0.0
1756090810018000000,book,A,113451.85,0.59379
1756090810018000000,book,A,113451.87,0.0
1756090810319000000,book,A,113451.84,0.00028
1756090810319000000,book,A,113451.91,0.0
1756090810519000000,book,A,113451.99,0.0
1756090810619000000,book,A,113451.82,0.0443
1756090810619000000,book,A,113451.83,0.34373
1756090810619000000,book,A,113451.9,0.0
1756090810719000000,book,A,113451.81,0.59379
1756090810719000000,book,A,113451.85,0.0
1756090811019000000,book,A,113451.8,0.0443
1756090811019000000,book,A,113451.86,0.0
1756090811119000000,book,A,113451.79,0.59379
1756090811119000000,book,A,113451.81,0.0
1756090812020000000,book,A,113451.78,0.0
1756090812020000000,book,A,113451.8,0.0
1756090812020000000,book,A,113451.82,0.0
1756090812120000000,book,A,113451.79,0.0
1756090812120000000,book,A,113451.82,0.59379
1756090812220000000,book,A,113451.81,0.04276
1756090812320000000,book,A,113451.8,0.59379
1756090812320000000,book,A,113451.82,0.0
1756090812320000000,book,A,113451.84,0.0
1756090812320000000,book,A,141574.17,0.00045
1756090812420000000,book,A,113451.81,0.04304
1756090812520000000,book,B,113152.42,0.1224
1756090812520000000,book,B,113152.4,0.0
1756090812520000000,book,A,113451.79,0.21741
1756090812520000000,book,A,113451.96,0.0
1756090812520000000,book,A,141574.17,0.00045
1756090812620000000,book,B,113152.43,0.1001
1756090812620000000,book,B,113152.41,0.0
1756090812620000000,book,A,113451.78,0.59379
1756090812620000000,book,A,113451.8,0.0
1756090812920000000,book,A,141574.17,0.00045
1756090813221000000,book,B,113231.47,0.0
1756090813221000000,book,B,113231.46,0.0
1756090813321000000,book,A,113451.77,0.04276
1756090813321000000,book,A,113451.81,0.00028
1756090813421000000,book,A,113451.76,0.59379
1756090813421000000,book,A,113451.78,0.0
1756090814321000000,book,A,113451.75,0.04276
1756090814321000000,book,A,113451.77,0.0
1756090814321000000,book,A,141574.17,0.00036
1756090814422000000,book,A,113451.74,0.59379
1756090814422000000,book,A,113451.76,0.0
1756090814622000000,book,A,113451.83,0.0
1756090814722000000,book,A,113451.74,0.93752
1756090815222000000,book,B,113231.61,0.00801
1756090815222000000,book,B,113152.44,0.00843
1756090815322000000,book,B,113231.62,0.01752
1756090815322000000,book,B,113231.6,0.0
1756090815322000000,book,B,113152.45,0.1001
1756090815322000000,book,B,113152.43,0.0
1756090815322000000,book,A,113451.73,0.0
1756090815322000000,book,A,113451.75,0.0
1756090816123000000,book,A,141574.17,0.00027
1756090816423000000,book,B,113017.06,0.0
1756090816423000000,book,A,113451.73,0.04122
1756090816523000000,book,A,113451.72,0.59379
1756090816523000000,book,A,113451.74,0.34373
1756090817223000000,book,B,113074.28,0.0
1756090817223000000,book,B,112858.01,0.001
1756090817324000000,book,B,113092.53,0.03131
1756090817324000000,book,A,113451.71,0.04122
1756090817424000000,book,A,113451.7,0.59379
1756090817424000000,book,A,113451.72,0.0
1756090817524000000,book,B,113231.62,0.11762
1756090817524000000,book,B,113231.55,0.0
1756090817524000000,book,B,113152.45,0.0
1756090817524000000,book,A,113451.69,0.04129
1756090817524000000,book,A,113451.73,0.0
1756090817624000000,book,A,113451.68,0.59379
1756090817624000000,book,A,113451.7,0.0
1756090817824000000,book,B,113231.63,0.04
1756090817824000000,book,A,113451.67,0.04129
1756090817824000000,book,A,113451.69,0.0
1756090817924000000,book,B,113231.64,0.11762
1756090817924000000,book,B,113231.62,0.0
1756090817924000000,book,A,113451.66,0.59379
1756090817924000000,book,A,113451.68,0.0
1756090818224000000,book,B,113231.51,0.0
1756090818424000000,book,B,113152.45,0.1224
1756090818424000000,book,B,113152.42,0.0
1756090818424000000,book,A,113451.64,0.21741
1756090818424000000,book,A,113451.65,0.04129
1756090818424000000,book,A,113451.71,0.0
1756090818424000000,book,A,113451.79,0.0
1756090818524000000,book,A,113451.63,0.59379
1756090818524000000,book,A,113451.66,0.0
1756090818825000000,book,B,113231.63,0.0
1756090818825000000,book,A,113451.62,0.0
1756090818825000000,book,A,113451.65,0.0
1756090818825000000,book,A,113451.74,0.0
1756090818925000000,book,B,113231.64,0.0
1756090818925000000,book,B,113231.62,0.11762
1756090818925000000,book,A,113451.63,0.93752
1756090819825000000,book,B,113231.63,0.04
1756090819825000000,book,A,113451.62,0.0
1756090819825000000,book,A,113451.67,0.0
1756090819925000000,book,B,113231.64,0.11762
1756090819925000000,book,B,113231.62,0.0
1756090819925000000,book,A,141574.17,0.00018
1756090820226000000,book,B,113231.57,0.0
1756090820426000000,book,A,141574.17,9e-05
1756090820726000000,book,A,141574.17,0.0
1756090820826000000,book,B,113231.63,0.0
1756090820826000000,book,A,113451.62,0.04129
1756090820926000000,book,B,113231.64,0.0
1756090820926000000,book,B,113231.62,0.11762
1756090820926000000,book,A,113451.6,0.00033
1756090820926000000,book,A,113451.61,0.59379
1756090820926000000,book,A,113451.63,0.34373
1756090820926000000,book,A,113451.81,0.0
1756090821226000000,book,B,113056.79,0.0
1756090821427000000,book,A,113451.6,0.0
1756090821627000000,book,B,113231.63,0.04
1756090821627000000,book,A,113451.6,0.04129
1756090821727000000,book,B,113231.64,0.11762
1756090821727000000,book,B,113231.62,0.0
1756090821727000000,book,A,113451.59,0.59379
1756090821727000000,book,A,113451.61,0.0
1756090822327000000,book,A,113451.58,0.00028
1756090822327000000,book,A,141574.17,9e-05
1756090823028000000,book,A,113451.63,0.0
1756090823128000000,book,A,113451.57,0.34373
1756090823228000000,book,B,113231.65,0.00918
1756090823228000000,book,B,113075.9,0.00442
1756090823228000000,book,B,113056.78,0.01359
1756090823228000000,book,A,113451.56,0.59379
1756090823228000000,book,A,113451.59,0.0
1756090823328000000,book,B,113231.66,0.11762
1756090823328000000,book,B,113231.64,0.0
1756090823428000000,book,B,113231.63,0.0
1756090823428000000,book,A,113451.55,0.04129
1756090823428000000,book,A,113451.6,0.0
1756090823428000000,book,A,113451.62,0.0
1756090823528000000,book,B,113231.67,0.04
1756090823528000000,book,A,113451.54,0.59379
1756090823528000000,book,A,113451.56,0.0
1756090823628000000,book,B,113231.68,0.11762
1756090823628000000,book,B,113231.66,0.0
1756090823928000000,book,A,117999.99,0.001
1756090824329000000,book,B,113152.46,0.1224
1756090824329000000,book,B,113152.45,0.0
1756090824329000000,book,A,113451.53,0.21741
1756090824329000000,book,A,113451.64,0.0
1756090824329000000,book,A,118774.99,0.00399
1756090824429000000,book,A,113451.52,0.59379
1756090824429000000,book,A,113451.54,0.0
1756090824529000000,book,B,113231.69,0.04
1756090824529000000,book,B,113231.67,0.0
1756090824529000000,book,A,113451.51,0.0
1756090824529000000,book,A,113451.55,0.0
1756090824529000000,book,A,141574.17,0.00018
1756090824629000000,book,B,113231.7,0.11762
1756090824629000000,book,B,113231.68,0.0
1756090825029000000,book,A,113451.51,0.00028
1756090825029000000,book,A,113451.58,0.0
1756090825229000000,book,B,113231.61,0.0
1756090825229000000,book,B,113231.59,0.00043
1756090825930000000,book,B,113231.59,0.0
1756090826530000000,book,B,113231.69,0.0
1756090826530000000,book,A,113451.51,0.04157
1756090826630000000,book,B,113231.7,0.0
1756090826630000000,book,B,113231.66,0.11762
1756090826630000000,book,A,113451.5,0.59379
1756090826630000000,book,A,113451.52,0.0
1756090827230000000,book,B,113231.67,0.00753
1756090827230000000,book,B,113152.47,0.00478
1756090827230000000,book,B,113075.91,0.00398
1756090827331000000,book,B,113231.68,0.11762
1756090827331000000,book,B,113231.66,0.0
1756090827431000000,book,A,113451.57,0.0
1756090827531000000,book,B,113231.69,0.04
1756090827531000000,book,A,113451.49,0.34373
1756090827531000000,book,A,113451.51,0.00028
1756090827631000000,book,B,113231.7,0.11762
1756090827631000000,book,B,113231.68,0.0
1756090827631000000,book,A,113451.48,0.59379
1756090827631000000,book,A,113451.5,0.0
1756090827631000000,book,A,141574.17,0.00027
1756090828131000000,book,A,113451.51,0.0
1756090828131000000,book,A,141574.17,0.00036
1756090828231000000,book,A,113451.47,0.00033
1756090828531000000,book,A,113451.47,0.04162
1756090828631000000,book,B,113231.69,0.0
1756090828631000000,book,A,113451.45,0.04129
1756090828631000000,book,A,113451.46,0.59379
1756090828631000000,book,A,113451.48,0.0
1756090828731000000,book,B,113231.7,0.0
1756090828731000000,book,B,113231.68,0.11762
1756090828731000000,book,A,113451.44,0.59379
1756090828731000000,book,A,113451.46,0.0
1756090829032000000,book,A,141574.17,0.00045
1756090829632000000,book,B,113231.69,0.04
1756090829632000000,book,A,113451.43,0.04129
1756090829632000000,book,A,113451.45,0.0
1756090829632000000,book,A,113451.47,0.00033
1756090829732000000,book,B,113231.7,0.11762
1756090829732000000,book,B,113231.68,0.0
1756090829732000000,book,A,113451.42,0.59379
1756090829732000000,book,A,113451.44,0.0
1756090830333000000,book,B,113152.48,0.1224
1756090830333000000,book,B,113152.46,0.0
1756090830333000000,book,A,113451.41,0.21741
1756090830333000000,book,A,113451.53,0.0
1756090830433000000,book,A,113451.4,0.59379
1756090830433000000,book,A,113451.42,0.0
1756090830633000000,book,B,113231.71,0.04
1756090830633000000,book,B,113231.69,0.0
1756090830633000000,book,A,113451.39,0.04129
1756090830633000000,book,A,113451.43,0.0
1756090830733000000,book,B,113231.72,0.11762
1756090830733000000,book,B,113231.7,0.0
1756090830733000000,book,A,113451.38,0.59379
1756090830733000000,book,A,113451.4,0.0
1756090830733000000,book,A,141574.17,0.00045
1756090830833000000,book,A,113451.37,0.00033
1756090830833000000,book,A,113451.47,0.0
1756090831233000000,book,B,113231.65,0.0
1756090831634000000,book,A,113451.49,0.0
1756090831734000000,book,B,113231.71,0.0
1756090831734000000,book,A,113451.35,0.04129
1756090831734000000,book,A,113451.36,0.34373
1756090831734000000,book,A,113451.39,0.0
1756090831834000000,book,B,113231.72,0.0
1756090831834000000,book,B,113231.68,0.11762
1756090831834000000,book,A,113451.34,0.59379
1756090831834000000,book,A,113451.38,0.0
1756090831934000000,book,B,113231.68,0.01752
1756090831934000000,book,B,113152.49,0.1001
1756090832034000000,book,A,141574.17,0.00045
1756090832434000000,book,A,113451.33,0.04461
1756090832534000000,book,B,113231.68,0.11762
1756090832534000000,book,B,113152.49,0.0
1756090832534000000,book,A,113451.32,0.59379
1756090832534000000,book,A,113451.34,0.0
1756090833135000000,book,A,113451.37,0.0
1756090833235000000,book,B,113231.69,0.04809
1756090833235000000,book,A,113451.31,0.04461
1756090833235000000,book,A,113451.35,0.0
1756090833335000000,book,B,113231.7,0.11762
1756090833335000000,book,B,113231.68,0.0
1756090833335000000,book,A,113451.3,0.59379
1756090833335000000,book,A,113451.32,0.0
1756090834235000000,book,B,113231.7,0.0
1756090834235000000,book,B,113231.69,0.00809
1756090834235000000,book,B,113017.04,0.0
1756090834235000000,book,A,113451.29,0.04461
1756090834235000000,book,A,113451.3,0.0
1756090834235000000,book,A,113451.31,0.0
1756090834235000000,book,A,113451.33,0.0
1756090834235000000,book,A,113619.99,0.0
1756090834235000000,book,A,113816.96,0.0
1756090834536000000,book,A,113451.28,0.00033
1756090835236000000,book,B,113231.69,0.04809
1756090835336000000,book,A,141574.17,0.00045
1756090835837000000,book,A,113451.36,0.0
1756090835937000000,book,B,113231.7,0.11787
1756090835937000000,book,B,113005.26,0.0001
1756090835937000000,book,A,113451.27,0.34373
1756090835937000000,book,A,113451.28,0.59412
1756090835937000000,book,A,113619.99,0.1001
1756090835937000000,book,A,113812.45,0.0001
1756090836037000000,book,A,113451.26,0.59379
1756090836037000000,book,A,113451.28,0.00033
1756090836237000000,book,B,113231.69,0.00809
1756090836237000000,book,B,113152.49,0.1224
1756090836237000000,book,B,113152.48,0.0
1756090836237000000,book,A,113451.24,0.04461
1756090836237000000,book,A,113451.25,0.21741
1756090836237000000,book,A,113451.29,0.0
1756090836237000000,book,A,113451.41,0.0
1756090836337000000,book,B,113231.7,0.01777
1756090836337000000,book,B,113152.5,0.1001
1756090836337000000,book,A,113451.23,0.59379
1756090836337000000,book,A,113451.26,0.0
1756090836537000000,book,B,113231.7,0.05777
1756090836537000000,book,A,113451.22,0.04461
1756090836537000000,book,A,141574.17,0.00045
1756090836637000000,book,A,113451.21,0.59379
1756090836637000000,book,A,113451.22,0.0
1756090836637000000,book,A,113451.23,0.0
1756090836737000000,book,A,113451.21,0.0
1756090836737000000,book,A,113451.23,0.59379
1756090837538000000,book,A,141574.17,0.00045
1756090837638000000,book,B,113092.53,0.0
1756090837738000000,book,B,113231.7,0.01777
1756090837738000000,book,B,113005.27,0.01024
1756090837738000000,book,B,112858.01,0.0
1756090837738000000,book,A,113451.22,0.00033
1756090837738000000,book,A,113451.28,0.0
1756090838138000000,book,A,113451.21,0.00028
1756090838138000000,book,A,113451.22,0.0
1756090838238000000,book,B,113056.78,0.00797
1756090838739000000,book,B,113231.7,0.05777
1756090838839000000,book,B,113231.71,0.1001
1756090838839000000,book,B,113152.5,0.0
1756090839139000000,book,B,113093.88,0.0292
1756090839139000000,book,A,141574.17,0.00036
1756090839239000000,book,B,113231.72,0.0044
1756090839239000000,book,B,113056.78,0.01033
1756090839339000000,book,B,113231.73,0.11787
1756090839339000000,book,B,113231.71,0.0
1756090839339000000,book,B,113231.7,0.04
1756090840140000000,book,B,113231.7,0.0
1756090840140000000,book,B,113231.69,0.0
1756090840140000000,book,B,113231.67,0.0
1756090840140000000,book,B,113152.5,0.0
1756090840140000000,book,B,113152.49,0.0
1756090840140000000,book,B,113152.48,0.1224
1756090840140000000,book,A,113451.18,0.21741
1756090840140000000,book,A,113451.19,0.04085
1756090840140000000,book,A,113451.2,0.0
1756090840140000000,book,A,113451.24,0.0
1756090840140000000,book,A,113451.25,0.0
1756090840240000000,book,B,113231.74,0.04
1756090840240000000,book,A,113451.17,0.63464
1756090840240000000,book,A,113451.23,0.0
1756090840240000000,book,A,141574.17,0.00027
1756090840340000000,book,B,113231.75,0.11787
1756090840340000000,book,B,113231.73,0.0
1756090840340000000,book,A,113451.16,0.04085
1756090840340000000,book,A,113451.17,0.59379
1756090840440000000,book,A,113451.15,0.59379
1756090840440000000,book,A,113451.17,0.0
1756090841341000000,book,B,113231.76,0.04
1756090841341000000,book,B,113231.74,0.0
1756090841341000000,book,A,113451.14,0.04159
1756090841341000000,book,A,113451.16,0.0
1756090841341000000,book,A,113451.19,0.0
1756090841441000000,book,B,113231.77,0.11787
1756090841441000000,book,B,113231.75,0.0
1756090841441000000,book,A,113451.13,0.59379
1756090841441000000,book,A,113451.15,0.0
1756090842141000000,book,B,113231.78,0.00721
1756090842141000000,book,B,113152.49,0.00783
1756090842241000000,book,B,113231.79,0.11787
1756090842241000000,book,B,113231.77,0.0
1756090842341000000,book,B,113231.8,0.04
1756090842341000000,book,B,113231.76,0.0
1756090842341000000,book,A,113451.12,0.04159
1756090842341000000,book,A,113451.14,0.0
1756090842441000000,book,B,113231.81,0.11787
1756090842441000000,book,B,113231.79,0.0
1756090842441000000,book,A,113451.11,0.59379
1756090842441000000,book,A,113451.13,0.0
1756090842642000000,book,A,113451.21,0.0
1756090842742000000,book,A,113451.1,0.00028
1756090842942000000,book,A,113543.13,0.0
1756090842942000000,book,A,113602.75,0.06612
1756090843042000000,book,A,113451.11,0.0
1756090843042000000,book,A,113528.35,0.59379
1756090843042000000,book,A,141574.17,0.00018
1756090844043000000,book,B,113231.8,0.0
1756090844143000000,book,B,113231.81,0.0
1756090844143000000,book,B,113231.8,0.04
1756090844143000000,book,B,113231.79,0.11787
1756090844243000000,book,B,113231.81,0.11787
1756090844243000000,book,B,113231.79,0.0
1756090844943000000,book,A,141574.17,9e-05
1756090845143000000,book,B,113231.8,0.0
1756090845143000000,book,B,113231.72,0.0
1756090845143000000,book,B,113152.5,0.1224
1756090845143000000,book,B,113152.48,0.0
1756090845143000000,book,A,113451.08,0.04159
1756090845143000000,book,A,113451.09,0.21741
1756090845143000000,book,A,113451.12,0.0
1756090845143000000,book,A,113451.18,0.0
1756090845243000000,book,B,113231.81,0.0
1756090845243000000,book,B,113231.79,0.11787
1756090845744000000,book,A,141574.17,0.0
1756090846144000000,book,B,113231.8,0.04
1756090846244000000,book,B,113231.81,0.11787
1756090846244000000,book,B,113231.79,0.0
1756090847145000000,book,B,113231.82,0.00483
1756090847145000000,book,B,113231.8,0.0
1756090847245000000,book,B,113231.83,0.11787
1756090847245000000,book,B,113231.82,0.04483
1756090847245000000,book,B,113231.81,0.0
1756090847245000000,book,A,113451.07,0.00028
1756090847245000000,book,A,113451.1,0.0
1756090847645000000,book,A,141574.17,9e-05
1756090847745000000,book,A,141574.17,0.00018
1756090848246000000,book,B,113231.82,0.00483
1756090849046000000,book,B,113231.84,0.04
1756090849146000000,book,B,113231.85,0.11787
1756090849146000000,book,B,113231.83,0.0
1756090850147000000,book,B,113231.84,0.0
1756090850247000000,book,B,113231.85,0.0
1756090850247000000,book,B,113231.84,0.04
1756090850247000000,book,B,113231.83,0.11787
1756090850347000000,book,B,113231.85,0.11787
1756090850347000000,book,B,113231.83,0.0
1756090850347000000,book,A,113451.27,0.0
1756090850447000000,book,A,113464.27,0.34373
1756090850547000000,book,A,113464.26,0.59379
1756090850547000000,book,A,113528.35,0.0
1756090851048000000,book,B,113152.51,0.1224
1756090851048000000,book,B,113152.5,0.0
1756090851048000000,book,B,113093.88,0.0
1756090851048000000,book,A,113451.06,0.09721
1756090851048000000,book,A,113451.09,0.1202
1756090851048000000,book,A,141574.17,0.00027
1756090851148000000,book,B,113231.78,0.0
1756090851148000000,book,B,113093.87,0.0
1756090851248000000,book,B,113231.84,0.0
1756090851248000000,book,A,113451.05,0.00033
1756090851248000000,book,A,113451.07,0.0
1756090851348000000,book,B,113231.86,0.11787
1756090851348000000,book,B,113231.85,0.0
1756090851348000000,book,B,113231.83,0.0
1756090851348000000,book,B,113152.52,0.0
1756090851348000000,book,B,113152.51,0.0
1756090851348000000,book,B,113152.5,0.1224
1756090851348000000,book,B,113120.96,0.035
1756090851348000000,book,A,113451.04,0.09721
1756090851348000000,book,A,113451.06,0.0
1756090851448000000,book,B,113231.86,0.0
1756090851448000000,book,B,113231.84,0.04
1756090851448000000,book,B,113231.83,0.11787
1756090851448000000,book,A,113451.03,0.04159
1756090851448000000,book,A,113451.08,0.0
1756090851548000000,book,B,113231.85,0.11787
1756090851548000000,book,B,113231.83,0.0
1756090852449000000,book,B,113231.84,0.0
1756090852549000000,book,B,113231.85,0.0
1756090852549000000,book,B,113231.84,0.04
1756090852549000000,book,B,113231.83,0.11787
1756090852549000000,book,A,141574.17,0.00036
1756090852649000000,book,B,113231.85,0.11787
1756090852649000000,book,B,113231.83,0.0
1756090853149000000,book,B,113231.86,0.00781
1756090853149000000,book,B,113076.0,0.00231
1756090853249000000,book,B,113231.87,0.11787
1756090853249000000,book,B,113231.85,0.0
1756090853449000000,book,A,113451.05,0.0
1756090853549000000,book,B,113231.84,0.0
1756090853850000000,book,A,141574.17,0.00045
1756090854350000000,book,B,113231.88,0.04
1756090854350000000,book,A,113451.02,0.00033
1756090854450000000,book,B,113231.89,0.11787
1756090854450000000,book,B,113231.87,0.0
1756090854650000000,book,B,113152.38,0.0
1756090855551000000,book,A,141574.17,0.00045
1756090855651000000,book,A,141574.17,0.00045
1756090856251000000,book,B,113231.88,0.0
1756090856251000000,book,B,113120.96,0.0
1756090856351000000,book,B,113231.89,0.0
1756090856351000000,book,B,113231.88,0.04
1756090856351000000,book,B,113231.87,0.11787
1756090856452000000,book,B,113231.89,0.11787
1756090856452000000,book,B,113231.87,0.0
1756090856652000000,book,B,113076.01,0.02361
1756090856952000000,book,B,113152.51,0.1224
1756090856952000000,book,B,113152.5,0.0
1756090856952000000,book,A,113451.01,0.09721
1756090856952000000,book,A,113451.04,0.0
1756090857052000000,book,A,113451.02,0.0
1756090857152000000,book,B,113231.86,0.0
1756090857152000000,book,B,113231.82,0.0
1756090857152000000,book,A,113451.0,0.00033
1756090857352000000,book,B,113231.88,0.0
1756090857452000000,book,B,113231.89,0.0
1756090857452000000,book,B,113225.29,0.04088
1756090857452000000,book,B,113152.52,0.11787
1756090857552000000,book,B,113225.3,0.11787
1756090857552000000,book,B,113152.52,0.0
1756090858153000000,book,B,113225.31,0.00785
1756090858153000000,book,B,113076.0,0.00714
1756090858153000000,book,B,113005.27,0.0
1756090858253000000,book,B,113225.32,0.11787
1756090858253000000,book,B,113225.3,0.0
1756090858253000000,book,B,113005.28,0.02584
1756090858853000000,book,B,113225.29,0.00088
1756090858853000000,book,A,113451.0,0.0
1756090858953000000,book,B,113225.33,0.04
1756090858953000000,book,A,113451.0,0.0416
1756090858953000000,book,A,113451.03,0.0
1756090859053000000,book,B,113225.34,0.11787
1756090859053000000,book,B,113225.32,0.0
1756090859354000000,book,A,113450.99,0.00019
1756090859354000000,book,A,141574.17,0.00045
1756090859954000000,book,B,113225.33,0.0
1756090860054000000,book,B,113225.34,0.0
1756090860054000000,book,B,113225.33,0.04
1756090860054000000,book,B,113225.32,0.11787
1756090860154000000,book,B,113225.34,0.11787
1756090860154000000,book,B,113225.32,0.0
1756090860555000000,book,B,113152.52,0.1224
1756090860555000000,book,B,113152.51,0.0
1756090860555000000,book,A,113450.98,0.09721
1756090860555000000,book,A,113451.01,0.0
1756090860555000000,book,A,141574.17,0.00045
1756090860655000000,book,B,113152.52,0.0
1756090860655000000,book,B,113152.5,0.1224
1756090860655000000,book,A,113464.26,0.0
1756090860655000000,book,A,113464.27,0.0
1756090860655000000,book,A,113528.35,0.59379
1756090860755000000,book,A,113619.99,0.0
1756090860755000000,book,A,113624.28,0.1001
1756090860855000000,book,A,113450.97,0.0416
1756090860855000000,book,A,113450.99,0.0
1756090860855000000,book,A,113451.0,0.0
1756090860855000000,book,A,113478.68,0.34373
1756090860955000000,book,A,113478.67,0.59379
1756090860955000000,book,A,113528.35,0.0
1756090861555000000,book,A,113528.36,0.0
1756090861555000000,book,A,141574.17,0.00045
1756090861655000000,book,A,113543.13,0.02118
1756090861856000000,book,B,113225.33,0.0
1756090861956000000,book,B,113225.34,0.0
1756090861956000000,book,B,113225.33,0.04
1756090861956000000,book,B,113225.32,0.11787
1756090862056000000,book,B,113225.34,0.11787
1756090862056000000,book,B,113225.32,0.0
1756090862956000000,book,B,113225.33,0.0
1756090863056000000,book,B,113225.34,0.0
1756090863056000000,book,B,113225.33,0.04
1756090863056000000,book,B,113225.32,0.11787
1756090863157000000,book,B,113225.34,0.11787
1756090863157000000,book,B,113225.32,0.0
1756090863257000000,book,A,141574.17,0.00036
1756090864057000000,book,A,141574.17,0.00027
1756090864758000000,book,B,113225.35,0.00373
1756090864858000000,book,B,113225.36,0.11787
1756090864858000000,book,B,113225.34,0.0
1756090865330000000,trade,B,113450.97,0.00441
1756090865358000000,book,A,113450.97,0.03719
1756090865758000000,book,B,113225.33,0.0
1756090865859000000,book,B,113225.38,0.04
1756090865859000000,book,B,113225.37,0.1224
1756090865859000000,book,B,113152.5,0.0
1756090865859000000,book,A,113450.96,0.09721
1756090865859000000,book,A,113450.98,0.0
1756090865959000000,book,B,113225.39,0.11787
1756090865959000000,book,B,113225.36,0.0
1756090865959000000,book,A,113624.28,0.0
1756090865959000000,book,A,113681.99,0.1001
1756090866259000000,book,A,113450.95,0.04031
1756090866259000000,book,A,113450.97,0.0
1756090867159000000,book,B,113225.31,0.0
1756090867260000000,book,B,113225.38,0.0
1756090867260000000,book,A,141574.17,0.00018
1756090867360000000,book,B,113225.39,0.04
1756090867360000000,book,B,113225.38,0.11787
1756090867460000000,book,B,113225.4,0.11787
1756090867460000000,book,B,113225.38,0.0
1756090867560000000,book,B,113225.37,0.0
1756090867560000000,book,A,113450.96,0.0
1756090867660000000,book,B,113152.5,0.1224
1756090867660000000,book,A,113450.94,0.09721
1756090867860000000,book,B,113225.35,0.0
1756090867860000000,book,A,113478.68,0.0
1756090867960000000,book,B,113225.41,0.00379
1756090867960000000,book,A,113450.93,0.04149
1756090867960000000,book,A,113450.95,0.0
1756090867960000000,book,A,113471.61,0.34373
1756090867960000000,book,A,113478.67,0.0
1756090867960000000,book,A,113528.37,0.59379
1756090868060000000,book,B,113225.42,0.11787
1756090868060000000,book,B,113225.4,0.0
1756090868260000000,book,A,141574.17,9e-05
1756090868861000000,book,B,113225.39,0.0
1756090869061000000,book,A,113471.6,0.59379
1756090869061000000,book,A,113528.37,0.0
1756090869061000000,book,A,113543.13,0.0
1756090869061000000,book,A,113619.99,0.1001
1756090869061000000,book,A,113624.28,0.0
1756090869061000000,book,A,113681.99,0.0
1756090869161000000,book,B,113225.44,0.00782
1756090869161000000,book,B,113225.43,0.04
1756090869261000000,book,B,113225.45,0.11787
1756090869261000000,book,B,113225.42,0.0
1756090869261000000,book,B,113225.41,0.0
1756090869661000000,book,B,113225.46,0.00033
1756090869661000000,book,A,141574.17,0.0
1756090870662000000,book,B,113152.51,0.1224
1756090870662000000,book,B,113152.5,0.0
1756090870662000000,book,A,113450.91,0.04268
1756090870662000000,book,A,113450.92,0.09721
1756090870662000000,book,A,113450.93,0.0
1756090870662000000,book,A,113450.94,0.0
1756090870962000000,book,A,141658.89,9e-05
1756090871162000000,book,B,113152.44,0.0
1756090871663000000,book,A,113528.37,0.02861
1756090872063000000,book,A,113471.61,0.0
1756090872163000000,book,A,113450.89,0.04268
1756090872163000000,book,A,113450.9,0.34373
1756090872163000000,book,A,113450.91,0.0
1756090872163000000,book,A,113471.6,0.0
1756090872163000000,book,A,113528.36,0.59379
1756090872563000000,book,A,113543.13,0.06612
1756090872563000000,book,A,113602.75,0.0
1756090872563000000,book,A,141658.89,0.00018
1756090873164000000,book,B,113225.46,0.00796
1756090873164000000,book,A,113450.87,0.04268
1756090873164000000,book,A,113450.88,0.59379
1756090873164000000,book,A,113450.89,0.0
1756090873164000000,book,A,113528.36,0.0
1756090873264000000,book,B,113225.47,0.11787
1756090873264000000,book,B,113225.45,0.0
1756090873264000000,book,B,113225.43,0.0
1756090873264000000,book,A,113450.85,0.04268
1756090873264000000,book,A,113450.86,0.59379
1756090873264000000,book,A,113450.88,0.0
1756090873364000000,book,A,113450.84,0.59379
1756090873364000000,book,A,113450.86,0.0
1756090873564000000,book,B,113225.48,0.04
1756090873564000000,book,A,113450.83,0.04268
1756090873564000000,book,A,113450.85,0.0
1756090873664000000,book,B,113225.49,0.11787
1756090873664000000,book,B,113225.47,0.0
1756090873664000000,book,A,113450.82,0.59379
1756090873664000000,book,A,113450.84,0.0
1756090873764000000,book,A,113450.81,0.04268
1756090873764000000,book,A,113450.83,0.0
1756090873864000000,book,A,113450.8,0.59379
1756090873864000000,book,A,113450.82,0.0
1756090874665000000,book,B,113152.51,0.0
1756090874665000000,book,A,113450.92,0.0
1756090874765000000,book,B,113225.48,0.0
1756090874765000000,book,B,113152.52,0.1224
1756090874765000000,book,A,113450.78,0.04268
1756090874765000000,book,A,113450.79,0.09721
1756090874765000000,book,A,113450.87,0.0
1756090874865000000,book,B,113225.49,0.0
1756090874865000000,book,B,113225.47,0.11787
1756090874865000000,book,A,113450.77,0.59379
1756090874865000000,book,A,113450.8,0.0
1756090875765000000,book,B,113225.48,0.04
1756090875765000000,book,A,113450.76,0.04268
1756090875765000000,book,A,113450.78,0.0
1756090875765000000,book,A,113450.81,0.0
1756090875765000000,book,A,141658.89,0.00027
1756090875866000000,book,B,113225.49,0.11787
1756090875866000000,book,B,113225.47,0.0
1756090875866000000,book,A,113450.75,0.59379
1756090875866000000,book,A,113450.77,0.0
1756090875966000000,book,B,113152.53,0.1224
1756090875966000000,book,B,113152.52,0.0
1756090875966000000,book,A,113450.74,0.09721
1756090875966000000,book,A,113450.79,0.0
1756090876066000000,book,A,113450.73,0.59379
1756090876066000000,book,A,113450.75,0.0
1756090876166000000,book,A,113450.9,0.0
1756090876266000000,book,A,113450.72,0.34373
1756090876266000000,book,A,141658.89,0.00036
1756090876366000000,book,A,113450.71,0.59379
1756090876366000000,book,A,113450.73,0.0
1756090876766000000,book,B,113225.5,0.04
1756090876766000000,book,B,113225.48,0.0
1756090876766000000,book,A,113450.7,0.04268
1756090876766000000,book,A,113450.76,0.0
1756090876866000000,book,B,113225.51,0.11787
1756090876866000000,book,B,113225.49,0.0
1756090876866000000,book,A,113450.69,0.59379
1756090876866000000,book,A,113450.71,0.0
1756090877167000000,book,B,113225.44,0.0
1756090877767000000,book,B,113225.5,0.0
1756090877767000000,book,B,113152.53,0.0
1756090877767000000,book,B,113076.02,0.1224
1756090877767000000,book,A,113450.68,0.14113
1756090877767000000,book,A,113450.7,0.0
1756090877767000000,book,A,113450.74,0.0
1756090877867000000,book,B,113225.51,0.0
1756090877867000000,book,B,113225.47,0.11787
1756090877867000000,book,A,113450.67,0.59379
1756090877867000000,book,A,113450.69,0.0
1756090877967000000,book,A,141658.89,0.00045
1756090878167000000,book,B,113225.48,0.00802
1756090878267000000,book,B,113225.49,0.11787
1756090878267000000,book,B,113225.47,0.0
1756090878568000000,book,A,141658.89,0.00045
1756090878768000000,book,B,113225.5,0.04
1756090878768000000,book,A,113450.66,0.04392
1756090878768000000,book,A,113450.68,0.09721
1756090878868000000,book,B,113225.51,0.11787
1756090878868000000,book,B,113225.49,0.0
1756090878868000000,book,A,113450.65,0.59379
1756090878868000000,book,A,113450.67,0.0
1756090879769000000,book,B,113225.52,0.04
1756090879769000000,book,B,113225.5,0.0
1756090879769000000,book,A,113450.64,0.0
1756090879769000000,book,A,113450.66,0.0
1756090879869000000,book,B,113225.53,0.11787
1756090879869000000,book,B,113225.51,0.0
1756090879869000000,book,A,113450.65,0.0
1756090879869000000,book,A,113450.67,0.59379
1756090880169000000,book,B,113075.9,2e-05
1756090880169000000,book,B,113056.78,0.00236
1756090880369000000,book,A,113450.72,0.0
1756090880469000000,book,A,113450.66,0.34373
1756090880569000000,book,A,113450.65,0.59379
1756090880569000000,book,A,113450.67,0.0
1756090880769000000,book,B,113225.54,0.04
1756090880769000000,book,B,113225.52,0.0
1756090880769000000,book,A,113450.64,0.04392
1756090880769000000,book,A,141658.89,0.00045
1756090880869000000,book,B,113225.56,0.00033
1756090880869000000,book,B,113225.55,0.11787
1756090880869000000,book,B,113225.53,0.0
1756090880869000000,book,B,113225.46,0.00763
1756090880869000000,book,A,113450.63,0.59379
1756090880869000000,book,A,113450.65,0.0
1756090881170000000,book,B,113225.57,0.00415
1756090881170000000,book,B,113225.56,0.00914
1756090881270000000,book,B,113225.58,0.11787
1756090881270000000,book,B,113225.55,0.0
1756090881770000000,book,B,113225.54,0.0
1756090881770000000,book,A,113450.62,0.04392
1756090881770000000,book,A,113450.64,0.0
1756090881870000000,book,A,113450.61,0.59379
1756090881870000000,book,A,113450.63,0.0
1756090882270000000,book,B,113076.03,0.1224
1756090882270000000,book,B,113076.02,0.0
1756090882270000000,book,A,113450.6,0.09721
1756090882270000000,book,A,113450.68,0.0
1756090882370000000,book,A,113450.59,0.59379
1756090882370000000,book,A,113450.61,0.0
1756090882471000000,book,B,113225.59,0.04
1756090882471000000,book,A,113450.58,0.04392
1756090882571000000,book,B,113225.6,0.11787
1756090882571000000,book,B,113225.58,0.0
1756090882571000000,book,A,113450.56,0.04392
1756090882571000000,book,A,113450.57,0.59379
1756090882571000000,book,A,113450.58,0.0
1756090882571000000,book,A,113450.59,0.0
1756090882671000000,book,A,113450.55,0.59379
1756090882671000000,book,A,113450.57,0.0
1756090883171000000,book,B,113152.47,0.0
1756090883171000000,book,B,113075.91,0.0
1756090883271000000,book,A,141658.89,0.00045
1756090883571000000,book,B,113225.61,0.04
1756090883571000000,book,B,113225.59,0.0
1756090883571000000,book,A,113450.54,0.0
1756090883571000000,book,A,113450.56,0.0
1756090883571000000,book,A,113450.62,0.0
1756090883671000000,book,B,113225.62,0.11787
1756090883671000000,book,B,113225.6,0.0
1756090883671000000,book,A,113450.55,0.0
1756090883671000000,book,A,113450.59,0.59379
1756090884072000000,book,A,141658.89,0.00045
1756090884172000000,book,B,113225.63,0.00875
1756090884272000000,book,B,113225.64,0.11787
1756090884272000000,book,B,113225.62,0.0
1756090884472000000,book,A,113450.66,0.0
1756090884572000000,book,B,113225.61,0.0
1756090884572000000,book,A,113450.57,0.04392
1756090884572000000,book,A,113450.58,0.38765
1756090884672000000,book,A,113450.56,0.59379
1756090884672000000,book,A,113450.59,0.0
1756090885173000000,book,B,113225.46,0.0
1756090885373000000,book,B,113225.65,0.04
1756090885373000000,book,A,113450.55,0.04392
1756090885373000000,book,A,113450.57,0.0
1756090885473000000,book,B,113225.66,0.11787
1756090885473000000,book,B,113225.64,0.0
1756090885473000000,book,A,113450.54,0.59379
1756090885473000000,book,A,113450.56,0.0
1756090886173000000,book,B,113225.67,0.00753
1756090886173000000,book,A,113450.53,0.04392
1756090886173000000,book,A,113450.58,0.34373
1756090886173000000,book,A,141658.89,0.00045
1756090886273000000,book,B,113225.68,0.11787
1756090886273000000,book,B,113225.66,0.0
1756090886273000000,book,A,113450.52,0.59379
1756090886273000000,book,A,113450.54,0.0
1756090886373000000,book,B,113225.65,0.0
1756090886373000000,book,A,113450.51,0.04392
1756090886373000000,book,A,113450.55,0.0
1756090886473000000,book,A,113450.5,0.59379
1756090886473000000,book,A,113450.52,0.0
1756090886473000000,book,A,141658.89,0.00036
1756090886573000000,book,B,113152.5,0.1224
1756090886573000000,book,B,113076.03,0.0
1756090886573000000,book,A,113450.49,0.21741
1756090886573000000,book,A,113450.6,0.0
1756090886573000000,book,A,113451.09,0.0
1756090886674000000,book,A,113450.48,0.59379
1756090886674000000,book,A,113450.5,0.0
1756090887374000000,book,B,113225.69,0.04
1756090887374000000,book,A,113450.47,0.04392
1756090887374000000,book,A,113450.51,0.0
1756090887374000000,book,A,113450.53,0.0
1756090887474000000,book,B,113225.7,0.11787
1756090887474000000,book,B,113225.68,0.0
1756090887474000000,book,B,113152.5,0.0
1756090887474000000,book,B,113076.02,0.1224
1756090887474000000,book,A,113450.45,0.09721
1756090887474000000,book,A,113450.46,0.59379
1756090887474000000,book,A,113450.48,0.0
1756090887474000000,book,A,113450.49,0.1202
1756090887574000000,book,A,113450.44,0.59379
1756090887574000000,book,A,113450.46,0.0
1756090888175000000,book,B,113225.48,0.0
1756090888375000000,book,B,113225.71,0.04
1756090888375000000,book,B,113225.69,0.0
1756090888375000000,book,A,113450.43,0.04392
1756090888375000000,book,A,113450.47,0.0
1756090888475000000,book,B,113225.72,0.11787
1756090888475000000,book,B,113225.7,0.0
1756090888475000000,book,A,113450.42,0.59379
1756090888475000000,book,A,113450.44,0.0
1756090888475000000,book,A,141658.89,0.00027
1756090888775000000,book,A,113450.58,0.0
1756090888875000000,book,A,113450.41,0.34373
1756090888975000000,book,A,113450.4,0.59379
1756090888975000000,book,A,113450.42,0.0
1756090889375000000,book,B,113225.73,0.00033
1756090889375000000,book,B,113225.56,0.00881
1756090889375000000,book,A,113450.39,0.04392
1756090889375000000,book,A,113450.43,0.0
1756090889476000000,book,A,113450.38,0.59379
1756090889476000000,book,A,113450.4,0.0
1756090890176000000,book,B,113225.73,0.00839
1756090890276000000,book,B,113225.74,0.11787
1756090890276000000,book,B,113225.72,0.0
1756090890476000000,book,B,113225.75,0.04
1756090890476000000,book,B,113225.71,0.0
1756090890476000000,book,A,113450.37,0.04392
1756090890476000000,book,A,113450.39,0.0
1756090890576000000,book,B,113225.76,0.11787
1756090890576000000,book,B,113225.74,0.0
1756090890576000000,book,A,113450.36,0.59379
1756090890576000000,book,A,113450.38,0.0
1756090891277000000,book,A,141658.89,0.00018
1756090891477000000,book,B,113225.77,0.04
1756090891477000000,book,B,113225.75,0.0
1756090891477000000,book,A,113450.35,0.04392
1756090891477000000,book,A,113450.37,0.0
1756090891577000000,book,B,113225.78,0.11787
1756090891577000000,book,B,113225.76,0.0
1756090891577000000,book,A,113450.34,0.59379
1756090891577000000,book,A,113450.36,0.0
1756090892178000000,book,B,113225.57,0.0
1756090892178000000,book,A,141658.89,9e-05
1756090892478000000,book,B,113225.79,0.04
1756090892478000000,book,B,113225.77,0.0
1756090892478000000,book,B,113076.03,0.1224
1756090892478000000,book,B,113076.02,0.0
1756090892478000000,book,A,113450.32,0.09721
1756090892478000000,book,A,113450.33,0.04392
1756090892478000000,book,A,113450.35,0.0
1756090892478000000,book,A,113450.45,0.0
1756090892578000000,book,B,113225.8,0.11787
1756090892578000000,book,B,113225.79,0.04033
1756090892578000000,book,B,113225.78,0.0
1756090892578000000,book,B,113225.73,0.00806
1756090892578000000,book,A,113450.31,0.59379
1756090892578000000,book,A,113450.34,0.0
1756090892878000000,book,A,113450.41,0.0
1756090892978000000,book,A,113450.3,0.34373
1756090893078000000,book,A,113450.29,0.59379
1756090893078000000,book,A,113450.31,0.0
1756090893178000000,book,B,113225.56,0.0
1756090893478000000,book,B,113225.81,0.04
1756090893478000000,book,B,113225.79,0.00033
1756090893478000000,book,A,113450.28,0.04392
1756090893478000000,book,A,113450.33,0.0
1756090893579000000,book,B,113225.82,0.11787
1756090893579000000,book,B,113225.8,0.0
1756090893579000000,book,A,113450.27,0.59379
1756090893579000000,book,A,113450.29,0.0
1756090893979000000,book,A,141658.89,0.0
1756090894179000000,book,B,113225.83,0.00859
1756090894179000000,book,B,113056.78,0.00682
1756090894279000000,book,B,113225.84,0.11787
1756090894279000000,book,B,113225.82,0.0
1756090894479000000,book,B,113225.81,0.0
1756090894479000000,book,A,113450.26,0.04392
1756090894479000000,book,A,113450.28,0.0
1756090894479000000,book,A,141658.89,9e-05
1756090894579000000,book,A,113450.25,0.59379
1756090894579000000,book,A,113450.27,0.0
1756090895480000000,book,B,113225.85,0.04
1756090895480000000,book,A,113450.24,0.04392
1756090895480000000,book,A,113450.26,0.0
1756090895580000000,book,B,113225.86,0.11787
1756090895580000000,book,B,113225.84,0.0
1756090895580000000,book,A,113450.23,0.59379
1756090895580000000,book,A,113450.25,0.0
1756090896180000000,book,B,113056.78,0.00446
1756090896481000000,book,B,113225.87,0.04
1756090896481000000,book,B,113225.85,0.0
1756090896481000000,book,A,113450.22,0.04392
1756090896481000000,book,A,113450.24,0.0
1756090896581000000,book,B,113225.88,0.11787
1756090896581000000,book,B,113225.86,0.0
1756090896581000000,book,A,113450.21,0.59379
1756090896581000000,book,A,113450.23,0.0
1756090896581000000,book,A,141658.89,0.00018
1756090896681000000,book,A,113450.2,0.04392
1756090896781000000,book,A,113450.19,0.59379
1756090896781000000,book,A,113450.21,0.0
1756090897081000000,book,A,113450.3,0.0
1756090897181000000,book,A,113450.18,0.34373
1756090897281000000,book,A,113450.17,0.59379
1756090897281000000,book,A,113450.19,0.0
1756090897481000000,book,B,113225.89,0.00033
1756090897481000000,book,B,113225.79,0.0
1756090897682000000,book,A,113450.16,0.0
1756090897682000000,book,A,113450.2,0.0
1756090897682000000,book,A,113450.22,0.0
1756090898182000000,book,B,113152.49,0.0
1756090898382000000,book,B,113152.5,0.1224
1756090898382000000,book,B,113076.03,0.0
1756090898382000000,book,A,113450.16,0.21741
1756090898382000000,book,A,113450.32,0.0
1756090898382000000,book,A,113450.49,0.0
1756090898482000000,book,B,113076.01,0.0
1756090898482000000,book,A,113450.15,0.59379
1756090898482000000,book,A,113450.17,0.0
1756090898682000000,book,A,113450.14,0.04392
1756090898782000000,book,A,113450.13,0.59379
1756090898782000000,book,A,113450.15,0.0
1756090899183000000,book,B,113225.67,0.0
1756090899183000000,book,B,113225.63,0.0
1756090899683000000,book,A,141658.89,0.00027
1756090899783000000,book,A,113450.12,0.04392
1756090899783000000,book,A,113450.14,0.0
1756090899883000000,book,A,113450.11,0.59379
1756090899883000000,book,A,113450.13,0.0
1756090900183000000,book,B,113225.9,0.00814
1756090900183000000,book,B,113225.89,0.0078
1756090900183000000,book,B,113056.78,0.01253
1756090900283000000,book,B,113225.91,0.11787
1756090900283000000,book,B,113225.88,0.0
1756090900283000000,book,A,141658.89,0.00036
1756090900383000000,book,B,113225.87,0.0
1756090900383000000,book,A,113450.1,0.04392
1756090900484000000,book,A,113450.09,0.59379
1756090900484000000,book,A,113450.11,0.0
1756090900584000000,book,B,113225.89,0.00747
1756090900684000000,book,B,113225.92,0.0004
1756090901284000000,book,A,113450.18,0.0
1756090901384000000,book,B,113225.92,0.0404
1756090901384000000,book,A,113450.07,0.04392
1756090901384000000,book,A,113450.08,0.34373
1756090901384000000,book,A,113450.12,0.0
1756090901484000000,book,B,113225.93,0.11787
1756090901484000000,book,B,113225.91,0.0
1756090901484000000,book,A,113450.06,0.59379
1756090901484000000,book,A,113450.09,0.0
1756090901885000000,book,B,113092.93,0.03796
1756090901885000000,book,A,113450.05,0.04392
1756090901885000000,book,A,113450.1,0.0
1756090901985000000,book,A,113450.04,0.59379
1756090901985000000,book,A,113450.06,0.0
1756090901985000000,book,A,141658.89,0.00045
1756090902185000000,book,B,113225.94,0.0019
1756090902285000000,book,B,113225.95,0.1001
1756090902285000000,book,B,113225.93,0.01777
1756090902685000000,book,A,141658.89,0.00045
1756090902885000000,book,B,113225.96,0.04
1756090902885000000,book,B,113225.92,0.0004
1756090902885000000,book,A,113450.03,0.0
1756090902885000000,book,A,113450.05,0.0
1756090902885000000,book,A,113450.07,0.0
1756090902985000000,book,B,113225.97,0.11787
1756090902985000000,book,B,113225.95,0.0
1756090902985000000,book,B,113225.93,0.0
1756090902985000000,book,A,113450.04,0.0
1756090902985000000,book,A,113450.07,0.59379
1756090903786000000,book,B,113225.92,0.0
1756090903886000000,book,B,113225.98,0.04
1756090903886000000,book,B,113225.96,0.0
1756090903886000000,book,A,113450.06,0.04394
1756090903986000000,book,B,113225.99,0.11787
1756090903986000000,book,B,113225.97,0.0
1756090903986000000,book,A,113450.05,0.59379
1756090903986000000,book,A,113450.07,0.0
1756090904286000000,book,B,113226.0,0.00033
1756090904286000000,book,B,113152.5,0.0
1756090904286000000,book,A,113450.16,0.0
1756090904386000000,book,B,113152.51,0.1224
1756090904386000000,book,A,113450.04,0.21741
1756090904487000000,book,A,113450.03,0.59379
1756090904487000000,book,A,113450.05,0.0
1756090904787000000,book,A,113450.02,0.0424
1756090904887000000,book,A,113450.01,0.59379
1756090904887000000,book,A,113450.03,0.0
1756090904887000000,book,A,141658.89,0.00045
1756090905187000000,book,B,113225.73,0.0
1756090905487000000,book,A,113450.08,0.0
1756090905587000000,book,A,113449.99,0.0424
1756090905587000000,book,A,113450.0,0.34373
1756090905587000000,book,A,113450.06,0.0
1756090905687000000,book,A,113449.98,0.59379
1756090905687000000,book,A,113450.01,0.0
1756090906588000000,book,A,113449.97,0.0424
1756090906588000000,book,A,113449.99,0.0
1756090906588000000,book,A,113450.02,0.0
1756090906688000000,book,A,113449.96,0.59379
1756090906688000000,book,A,113449.98,0.0
1756090907189000000,book,B,113226.0,0.00754
1756090907289000000,book,B,113226.01,0.11787
1756090907289000000,book,B,113225.99,0.0
1756090907489000000,book,A,141658.89,0.00045
1756090907589000000,book,B,113226.02,0.04
1756090907589000000,book,B,113225.98,0.0
1756090907589000000,book,A,113449.95,0.0424
1756090907589000000,book,A,113449.97,0.0
1756090907689000000,book,B,113226.03,0.11787
1756090907689000000,book,B,113226.01,0.0
1756090907689000000,book,A,113449.94,0.59379
1756090907689000000,book,A,113449.96,0.0
1756090907889000000,book,B,113226.04,0.00033
1756090907889000000,book,B,113226.0,0.00721
1756090908089000000,book,A,113449.93,0.0424
1756090908189000000,book,B,113226.04,0.00205
1756090908189000000,book,A,113449.92,0.59379
1756090908189000000,book,A,113449.94,0.0
1756090908289000000,book,B,113226.05,0.11787
1756090908289000000,book,B,113226.03,0.0
1756090908590000000,book,A,141658.89,0.00045
1756090909090000000,book,B,113226.02,0.0
1756090909090000000,book,A,113449.91,0.0424
1756090909090000000,book,A,113449.93,0.0
1756090909090000000,book,A,113449.95,0.0
1756090909190000000,book,A,113449.9,0.59379
1756090909190000000,book,A,113449.92,0.0
1756090909590000000,book,A,113450.0,0.0
1756090909690000000,book,A,113449.89,0.34373
1756090909790000000,book,A,113449.88,0.59379
1756090909790000000,book,A,113449.9,0.0
1756090910091000000,book,B,113226.06,0.04
1756090910091000000,book,A,113449.87,0.0
1756090910091000000,book,A,113449.91,0.0
1756090910191000000,book,B,113226.07,0.11787
1756090910191000000,book,B,113226.05,0.0
1756090910191000000,book,B,113076.0,0.0053
1756090910191000000,book,A,141658.89,0.00045
1756090910291000000,book,B,113226.06,0.04033
1756090910291000000,book,B,113226.04,0.00172
1756090910291000000,book,B,113152.52,0.1224
1756090910291000000,book,B,113152.51,0.0
1756090910291000000,book,A,113449.87,0.21741
1756090910291000000,book,A,113450.04,0.0
1756090910391000000,book,A,113449.86,0.59379
1756090910391000000,book,A,113449.88,0.0
1756090910491000000,book,A,141658.89,0.00036
1756090911091000000,book,B,113226.08,0.04
1756090911091000000,book,B,113226.06,0.00033
1756090911091000000,book,A,113449.85,0.0424
1756090911191000000,book,B,113226.09,0.11787
1756090911191000000,book,B,113226.07,0.0
1756090911191000000,book,A,113449.84,0.59379
1756090911191000000,book,A,113449.86,0.0
1756090912192000000,book,B,113226.08,0.0
1756090912192000000,book,B,113225.83,0.0
1756090912192000000,book,A,113449.83,0.0424
1756090912192000000,book,A,113449.85,0.0
1756090912292000000,book,B,113226.09,0.0
1756090912292000000,book,B,113226.05,0.11787
1756090912292000000,book,A,113449.82,0.59379
1756090912292000000,book,A,113449.84,0.0
1756090913093000000,book,A,141658.89,0.00027
1756090913193000000,book,B,113226.06,0.04033
1756090913193000000,book,A,113449.81,0.0424
1756090913193000000,book,A,113449.83,0.0
1756090913293000000,book,B,113226.07,0.11787
1756090913293000000,book,B,113226.05,0.0
1756090913293000000,book,A,113449.8,0.59379
1756090913293000000,book,A,113449.82,0.0
1756090913893000000,book,A,113449.89,0.0
1756090913993000000,book,A,113449.79,0.34373
1756090914094000000,book,A,113449.78,0.59379
1756090914094000000,book,A,113449.8,0.0
1756090914194000000,book,B,113226.08,0.04
1756090914194000000,book,B,113226.06,0.00033
1756090914194000000,book,B,113076.0,0.00047
1756090914194000000,book,A,113449.77,0.0424
1756090914194000000,book,A,113449.81,0.0
1756090914294000000,book,B,113226.09,0.11787
1756090914294000000,book,B,113226.07,0.0
1756090914294000000,book,A,113449.76,0.59379
1756090914294000000,book,A,113449.78,0.0
1756090914794000000,book,B,113226.1,0.00032
1756090914794000000,book,B,113226.06,0.0
1756090915294000000,book,A,113449.75,0.0424
1756090915294000000,book,A,113449.77,0.0
1756090915395000000,book,A,113449.74,0.59379
1756090915395000000,book,A,113449.76,0.0
1756090915595000000,book,A,141658.89,0.00018
1756090916095000000,book,A,113449.73,0.0424
1756090916195000000,book,B,113226.11,0.00632
1756090916195000000,book,B,113226.1,0.00802
1756090916195000000,book,B,113152.53,0.1224
1756090916195000000,book,B,113152.52,0.0
1756090916195000000,book,A,113449.71,0.21741
1756090916195000000,book,A,113449.72,0.59379
1756090916195000000,book,A,113449.74,0.0
1756090916195000000,book,A,113449.87,0.0
1756090916266000000,trade,B,113449.7,0.00026
1756090916295000000,book,B,113226.12,0.11787
1756090916295000000,book,B,113226.09,0.0
1756090916295000000,book,B,113226.08,0.0
1756090916295000000,book,A,113449.7,0.63593
1756090916295000000,book,A,113449.72,0.0
1756090916295000000,book,A,113449.75,0.0
1756090916395000000,book,B,113226.12,0.11813
1756090916395000000,book,A,113449.7,0.63593
1756090916495000000,book,A,141658.89,9e-05
1756090916996000000,book,B,113226.1,0.0077
1756090917096000000,book,B,113226.13,0.00032
1756090917196000000,book,B,113225.94,0.0
1756090917196000000,book,B,113225.9,0.0
1756090917196000000,book,B,113225.89,0.0
1756090917296000000,book,B,113226.13,0.04032
1756090917296000000,book,A,113449.69,0.0424
1756090917296000000,book,A,113449.7,0.59353
1756090917296000000,book,A,113449.73,0.0
1756090917396000000,book,B,113226.14,0.11813
1756090917396000000,book,B,113226.12,0.0
1756090917396000000,book,A,113449.68,0.59353
1756090917396000000,book,A,113449.7,0.0
1756090917996000000,book,A,113449.79,0.0
1756090918197000000,book,A,113449.67,0.34373
1756090918297000000,book,B,113226.15,0.04
1756090918297000000,book,B,113226.13,0.00032
1756090918297000000,book,A,113449.65,0.0424
1756090918297000000,book,A,113449.66,0.59353
1756090918297000000,book,A,113449.68,0.0
1756090918297000000,book,A,113449.69,0.0
1756090918397000000,book,B,113226.16,0.11813
1756090918397000000,book,B,113226.14,0.0
1756090918397000000,book,A,113449.64,0.59353
1756090918397000000,book,A,113449.66,0.0
1756090918697000000,book,A,141656.42,9e-05
1756090918697000000,book,A,141658.89,0.0
1756090919197000000,book,B,113226.17,0.00722
1756090919197000000,book,B,113152.54,0.00746
1756090919197000000,book,B,113075.9,0.00334
1756090919297000000,book,B,113226.19,0.04
1756090919297000000,book,B,113226.18,0.11813
1756090919297000000,book,B,113226.16,0.0
1756090919297000000,book,B,113226.15,0.0
1756090919297000000,book,A,113449.63,0.0424
1756090919297000000,book,A,113449.65,0.0
1756090919398000000,book,B,113226.2,0.11813
1756090919398000000,book,B,113226.18,0.0
1756090919398000000,book,A,113449.62,0.59353
1756090919398000000,book,A,113449.64,0.0
1756090920298000000,book,B,113226.21,0.04
1756090920298000000,book,B,113226.19,0.0
1756090920298000000,book,A,113449.61,0.0
1756090920298000000,book,A,113449.63,0.0
1756090920398000000,book,B,113226.22,0.11813
1756090920398000000,book,B,113226.2,0.0
1756090920398000000,book,A,113449.62,0.0
1756090920398000000,book,A,113449.66,0.59353
1756090920999000000,book,A,141656.42,0.00018
1756090921099000000,book,A,113449.65,0.0412
1756090921199000000,book,A,113449.64,0.59353
1756090921199000000,book,A,113449.66,0.0
1756090921999000000,book,B,113226.23,0.00033
1756090921999000000,book,B,113226.13,0.0
1756090922099000000,book,B,113152.55,0.1224
1756090922099000000,book,B,113152.53,0.0
1756090922099000000,book,A,113449.62,0.21741
1756090922099000000,book,A,113449.63,0.0412
1756090922099000000,book,A,113449.71,0.0
1756090922200000000,book,B,113226.04,0.0
1756090922200000000,book,B,113226.0,0.0
1756090922200000000,book,A,113449.61,0.59353
1756090922200000000,book,A,113449.64,0.0
1756090922200000000,book,A,113449.67,0.0
1756090922300000000,book,A,113449.6,0.34373
1756090922400000000,book,A,113449.59,0.59353
1756090922400000000,book,A,113449.61,0.0
1756090923100000000,book,A,113449.58,0.0
1756090923100000000,book,A,113449.63,0.0
1756090923100000000,book,A,113449.65,0.0
1756090923100000000,book,A,141656.42,0.00027
1756090924401000000,book,A,113449.58,0.04357
1756090924501000000,book,A,113449.57,0.59353
1756090924501000000,book,A,113449.59,0.0
1756090924601000000,book,A,113449.56,0.04357
1756090924701000000,book,A,113449.55,0.59353
1756090924701000000,book,A,113449.57,0.0
1756090925002000000,book,A,141656.42,0.00036
1756090925202000000,book,B,113226.23,0.0084
1756090925302000000,book,B,113226.24,0.11813
1756090925302000000,book,B,113226.22,0.0
1756090925384000000,trade,B,113449.55,0.00088
1756090925402000000,book,B,113226.21,0.0
1756090925402000000,book,A,113449.54,0.04357
1756090925402000000,book,A,113449.55,0.59265
1756090925402000000,book,A,113449.58,0.0
1756090925502000000,book,B,113226.24,0.11901
1756090925502000000,book,A,113449.53,0.59265
1756090925502000000,book,A,113449.55,0.0
1756090926102000000,book,B,113226.25,0.00033
1756090926102000000,book,B,113226.23,0.00807
1756090926403000000,book,B,113226.25,0.04033
1756090926403000000,book,A,113449.52,0.04357
1756090926403000000,book,A,113449.54,0.0
1756090926403000000,book,A,113449.56,0.0
1756090926403000000,book,A,113449.6,0.0
1756090926503000000,book,B,113226.26,0.11901
1756090926503000000,book,B,113226.24,0.0
1756090926503000000,book,A,113449.51,0.93638
1756090926503000000,book,A,113449.53,0.0
1756090926903000000,book,A,141656.42,0.00027
1756090926903000000,book,A,141666.81,9e-05
1756090927103000000,book,A,141666.81,0.00018
1756090927503000000,book,B,113226.27,0.04
1756090927503000000,book,B,113226.25,0.00033
1756090927503000000,book,A,113449.5,0.04357
1756090927503000000,book,A,113449.52,0.0
1756090927604000000,book,B,113226.28,0.11901
1756090927604000000,book,B,113226.26,0.0
1756090927604000000,book,A,113449.49,0.59265
1756090927604000000,book,A,113449.51,0.34373
1756090928004000000,book,B,113152.56,0.1224
1756090928004000000,book,B,113152.55,0.0
1756090928004000000,book,A,113449.48,0.21741
1756090928004000000,book,A,113449.62,0.0
1756090928104000000,book,A,113449.47,0.59265
1756090928104000000,book,A,113449.49,0.0
1756090928204000000,book,B,113226.11,0.0
1756090928504000000,book,B,113226.29,0.04
1756090928504000000,book,B,113226.27,0.0
1756090928504000000,book,B,113152.56,0.0
1756090928504000000,book,B,113152.55,0.1224
1756090928504000000,book,A,113449.46,0.14078
1756090928504000000,book,A,113449.48,0.1202
1756090928504000000,book,A,113449.5,0.0
1756090928604000000,book,B,113226.3,0.11901
1756090928604000000,book,B,113226.28,0.0
1756090928604000000,book,A,113449.45,0.59265
1756090928604000000,book,A,113449.47,0.0
1756090928604000000,book,A,141656.42,0.00018
1756090928604000000,book,A,141666.81,0.00027
1756090929505000000,book,B,113226.31,0.04
1756090929505000000,book,B,113226.29,0.0
1756090929505000000,book,B,113092.93,0.0
1756090929505000000,book,A,113449.44,0.04358
1756090929505000000,book,A,113449.46,0.09721
1756090929605000000,book,B,113226.32,0.11901
1756090929605000000,book,B,113226.3,0.0
1756090929605000000,book,A,113449.43,0.59265
1756090929605000000,book,A,113449.45,0.0
1756090930205000000,book,B,113226.1,0.0
1756090930506000000,book,B,113226.33,0.04
1756090930506000000,book,B,113226.31,0.0
1756090930506000000,book,A,113449.42,0.04358
1756090930506000000,book,A,113449.44,0.0
1756090930506000000,book,A,113449.51,0.0
1756090930606000000,book,B,113226.34,0.11901
1756090930606000000,book,B,113226.32,0.0
1756090930606000000,book,A,113449.4,0.34373
1756090930606000000,book,A,113449.41,0.59265
1756090930606000000,book,A,113449.43,0.0
1756090930706000000,book,A,113449.39,0.59265
1756090930706000000,book,A,113449.41,0.0
1756090930806000000,book,A,113449.38,0.04358
1756090930906000000,book,A,113449.37,0.59265
1756090930906000000,book,A,113449.39,0.0
1756090930906000000,book,A,141656.42,9e-05
1756090930906000000,book,A,141666.81,0.00036
1756090931206000000,book,B,113226.35,0.00828
1756090931206000000,book,B,113075.9,0.01072
1756090931306000000,book,B,113226.36,0.11901
1756090931306000000,book,B,113226.34,0.0
1756090931306000000,book,A,113449.36,0.04358
1756090931306000000,book,A,113449.38,0.0
1756090931406000000,book,A,113449.35,0.59265
1756090931406000000,book,A,113449.37,0.0
1756090932007000000,book,B,113076.01,0.03647
1756090932307000000,book,B,113226.37,0.04
1756090932307000000,book,B,113226.33,0.0
1756090932307000000,book,A,113449.34,0.04358
1756090932307000000,book,A,113449.36,0.0
1756090932307000000,book,A,113449.42,0.0
1756090932407000000,book,B,113226.38,0.11901
1756090932407000000,book,B,113226.36,0.0
1756090932407000000,book,A,113449.33,0.59265
1756090932407000000,book,A,113449.35,0.0
1756090932607000000,book,A,141656.42,0.0
1756090932607000000,book,A,141666.81,0.00045
1756090933308000000,book,B,113226.37,0.0
1756090933308000000,book,A,113449.32,0.04358
1756090933308000000,book,A,113449.34,0.0
1756090933408000000,book,B,113226.38,0.0
1756090933408000000,book,B,113226.36,0.11901
1756090933408000000,book,A,113449.31,0.59265
1756090933408000000,book,A,113449.32,0.0
1756090933408000000,book,A,113449.33,0.0
1756090933508000000,book,A,113449.31,0.0
1756090933508000000,book,A,113449.39,0.59265
1756090933908000000,book,B,113152.56,0.1224
1756090933908000000,book,B,113152.55,0.0
1756090933908000000,book,A,113449.38,0.1202
1756090933908000000,book,A,113449.46,0.0
1756090933908000000,book,A,113449.48,0.0
1756090934008000000,book,A,113449.37,0.59265
1756090934008000000,book,A,113449.38,0.21741
1756090934008000000,book,A,113449.39,0.0
1756090934208000000,book,B,113226.17,0.0
1756090934408000000,book,B,113226.37,0.04
1756090934408000000,book,A,113449.36,0.04358
1756090934508000000,book,B,113226.38,0.11901
1756090934508000000,book,B,113226.36,0.0
1756090934508000000,book,A,113449.35,0.59265
1756090934508000000,book,A,113449.37,0.0
1756090934508000000,book,A,141666.81,0.00036
1756090934709000000,book,A,113449.4,0.0
1756090934809000000,book,A,113449.35,0.93638
1756090935209000000,book,B,113226.39,0.00695
1756090935309000000,book,B,113226.4,0.11901
1756090935309000000,book,B,113226.38,0.0
1756090935309000000,book,A,141666.81,0.00036
1756090935409000000,book,B,113226.41,0.04
1756090935409000000,book,B,113226.37,0.0
1756090935409000000,book,A,113449.34,0.04358
1756090935409000000,book,A,113449.36,0.0
1756090935509000000,book,B,113226.42,0.11901
1756090935509000000,book,B,113226.4,0.0
1756090935509000000,book,A,113449.33,0.59265
1756090935509000000,book,A,113449.35,0.34373
1756090936310000000,book,B,113152.57,0.1224
1756090936310000000,book,B,113152.56,0.0
1756090936310000000,book,A,113449.32,0.09721
1756090936310000000,book,A,113449.38,0.1202
1756090936410000000,book,B,113226.43,0.04
1756090936410000000,book,B,113226.41,0.0
1756090936410000000,book,A,113449.3,0.04358
1756090936410000000,book,A,113449.31,0.59265
1756090936410000000,book,A,113449.33,0.0
1756090936410000000,book,A,113449.34,0.0
1756090936510000000,book,B,113226.44,0.11901
1756090936510000000,book,B,113226.42,0.0
1756090936510000000,book,A,113449.29,0.59265
1756090936510000000,book,A,113449.31,0.0
1756090936510000000,book,A,141666.81,0.00027
1756090936810000000,book,B,113226.45,0.00033
1756090936810000000,book,B,113226.25,0.0
1756090937210000000,book,B,113226.23,0.0
1756090937411000000,book,A,113449.3,0.0
1756090937511000000,book,A,113449.28,0.04358
1756090937511000000,book,A,113449.29,0.0
1756090937511000000,book,A,113449.31,0.59265
1756090937611000000,book,A,113449.27,0.59265
1756090937611000000,book,A,113449.31,0.0
1756090938511000000,book,A,113449.26,0.04358
1756090938511000000,book,A,113449.28,0.0
1756090938611000000,book,A,113449.25,0.59265
1756090938611000000,book,A,113449.27,0.0
1756090938912000000,book,A,113449.35,0.0
1756090939012000000,book,A,113449.24,0.34373
1756090939112000000,book,A,113449.23,0.59265
1756090939112000000,book,A,113449.25,0.0
1756090939212000000,book,B,113226.45,0.00805
1756090939312000000,book,B,113226.46,0.11901
1756090939312000000,book,B,113226.44,0.0
1756090939312000000,book,A,141666.81,0.00018
1756090939512000000,book,B,113226.47,0.00033
1756090939512000000,book,B,113226.45,0.00772
1756090939512000000,book,B,113226.43,0.0
1756090939512000000,book,A,113449.22,0.04358
1756090939512000000,book,A,113449.26,0.0
1756090939612000000,book,A,113449.21,0.59265
1756090939612000000,book,A,113449.23,0.0
1756090939912000000,book,B,113226.47,0.04033
1756090939912000000,book,B,113152.58,0.1224
1756090939912000000,book,B,113152.57,0.0
1756090939912000000,book,A,113449.19,0.04358
1756090939912000000,book,A,113449.2,0.21741
1756090939912000000,book,A,113449.32,0.0
1756090939912000000,book,A,113449.38,0.0
1756090940012000000,book,B,113226.48,0.11901
1756090940012000000,book,B,113226.46,0.0
1756090940012000000,book,A,113449.18,0.59265
1756090940012000000,book,A,113449.21,0.0
1756090940113000000,book,B,113226.48,0.01891
1756090940113000000,book,B,113152.59,0.1001
1756090940213000000,book,A,113449.17,0.04358
1756090940213000000,book,A,113449.19,0.0
1756090940313000000,book,A,113449.16,0.59265
1756090940313000000,book,A,113449.18,0.0
1756090940713000000,book,A,113449.15,0.0
1756090940713000000,book,A,113449.22,0.0
1756090940913000000,book,A,141666.81,9e-05
1756090941213000000,book,B,113152.58,0.0
1756090941213000000,book,A,113449.2,0.0
1756090941313000000,book,B,113152.59,0.0
1756090941313000000,book,B,113152.55,0.1001
1756090941313000000,book,B,113076.02,0.1224
1756090941313000000,book,A,113449.15,0.21741
1756090941414000000,book,A,113449.14,0.59265
1756090941414000000,book,A,113449.16,0.0
1756090941714000000,book,A,113449.13,0.04358
1756090941714000000,book,A,113449.17,0.0
1756090941814000000,book,A,113449.12,0.59265
1756090941814000000,book,A,113449.14,0.0
1756090942258000000,trade,B,113449.12,0.00022
1756090942314000000,book,A,113449.12,0.59243
1756090942414000000,book,B,113226.48,0.01913
1756090942414000000,book,A,113449.12,0.59244
1756090942714000000,book,A,113449.11,0.04358
1756090942714000000,book,A,113449.13,0.0
1756090942815000000,book,A,113449.1,0.59244
1756090942815000000,book,A,113449.12,0.0
1756090942815000000,book,A,141669.18,9e-05
1756090943015000000,book,A,113449.24,0.0
1756090943015000000,book,A,141666.81,0.0
1756090943115000000,book,A,113449.1,0.93617
1756090943715000000,book,A,113449.09,0.04358
1756090943715000000,book,A,113449.11,0.0
1756090943815000000,book,A,113449.08,0.59244
1756090943815000000,book,A,113449.1,0.34373
1756090943915000000,book,A,113449.07,0.04358
1756090944015000000,book,A,113449.06,0.59244
1756090944015000000,book,A,113449.08,0.0
1756090944816000000,book,A,141669.18,0.00018
1756090944916000000,book,B,113226.49,0.00033
1756090944916000000,book,B,113226.47,0.04
1756090944916000000,book,A,113449.05,0.04358
1756090944916000000,book,A,113449.07,0.0
1756090944916000000,book,A,113449.09,0.0
1756090945016000000,book,A,113449.04,0.59244
1756090945016000000,book,A,113449.06,0.0
1756090945717000000,book,A,113449.03,0.04359
1756090945817000000,book,B,113152.56,0.1224
1756090945817000000,book,B,113076.02,0.0
1756090945817000000,book,A,113449.01,0.21741
1756090945817000000,book,A,113449.02,0.59244
1756090945817000000,book,A,113449.04,0.0
1756090945817000000,book,A,113449.15,0.0
1756090945917000000,book,B,113152.57,0.1001
1756090945917000000,book,B,113152.55,0.0
1756090945917000000,book,A,113449.0,0.59244
1756090945917000000,book,A,113449.02,0.0
1756090946417000000,book,A,113448.99,0.0
1756090946417000000,book,A,113449.05,0.0
1756090946817000000,book,A,113449.03,0.0
1756090947218000000,book,A,113449.1,0.0
1756090947218000000,book,A,141669.18,0.00027
1756090947318000000,book,A,113448.99,0.34373
1756090947418000000,book,A,113448.98,0.59244
1756090947418000000,book,A,113449.0,0.0
1756090947818000000,book,A,113448.97,0.04359
1756090947918000000,book,A,113448.96,0.59244
1756090947918000000,book,A,113448.98,0.0
1756090948519000000,book,A,141669.18,0.00036
1756090948819000000,book,A,113448.95,0.04359
1756090948819000000,book,A,113448.97,0.0
1756090948919000000,book,A,113448.94,0.59244
1756090948919000000,book,A,113448.96,0.0
1756090949819000000,book,A,113448.93,0.04359
1756090949819000000,book,A,113448.95,0.0
1756090949920000000,book,A,113448.92,0.59244
1756090949920000000,book,A,113448.94,0.0
1756090950520000000,book,A,141669.18,0.00036
1756090950820000000,book,A,113448.91,0.04359
1756090950820000000,book,A,113448.93,0.0
1756090950920000000,book,A,113448.9,0.59244
1756090950920000000,book,A,113448.92,0.0
1756090951221000000,book,B,113056.78,0.00807
1756090951321000000,book,A,113448.99,0.0
1756090951421000000,book,A,113448.89,0.34373
1756090951421000000,book,A,141669.18,0.00045
1756090951521000000,book,A,113448.88,0.59244
1756090951521000000,book,A,113448.9,0.0
1756090951721000000,book,B,113152.58,0.1224
1756090951721000000,book,B,113152.56,0.0
1756090951721000000,book,A,113448.87,0.21741
1756090951721000000,book,A,113449.01,0.0
1756090951821000000,book,B,113152.59,0.1001
1756090951821000000,book,B,113152.57,0.0
1756090951821000000,book,A,113448.85,0.04359
1756090951821000000,book,A,113448.86,0.59244
1756090951821000000,book,A,113448.88,0.0
1756090951821000000,book,A,113448.91,0.0
1756090951921000000,book,A,113448.84,0.59244
1756090951921000000,book,A,113448.86,0.0
1756090952321000000,book,A,141669.18,0.00045
1756090952722000000,book,A,113448.83,0.04359
1756090952822000000,book,A,113448.82,0.59244
1756090952822000000,book,A,113448.84,0.0
1756090953222000000,book,B,113226.35,0.0
1756090953722000000,book,A,113448.81,0.04359
1756090953722000000,book,A,113448.83,0.0
1756090953722000000,book,A,113448.85,0.0
1756090953822000000,book,A,113448.8,0.59244
1756090953822000000,book,A,113448.82,0.0
1756090954423000000,book,B,113226.48,0.0
1756090954423000000,book,B,113152.59,0.0
1756090954423000000,book,B,113005.26,0.0
1756090954423000000,book,A,113448.8,0.0
1756090954423000000,book,A,113619.99,0.0
1756090954423000000,book,A,113812.45,0.0
1756090955123000000,book,A,141669.18,0.00045
1756090955223000000,book,B,113226.5,0.0042
1756090955223000000,book,B,113226.48,0.00907
1756090955424000000,book,A,113448.89,0.0
1756090955524000000,book,A,113448.8,0.34373
1756090955724000000,book,A,113448.79,0.04356
1756090955724000000,book,A,113448.81,0.0
1756090956524000000,book,A,141669.18,0.00045
1756090956625000000,book,B,113226.51,0.0189
1756090956625000000,book,B,113152.59,0.1001
1756090956625000000,book,B,112985.1,0.0001
1756090956625000000,book,A,113448.77,0.04356
1756090956625000000,book,A,113448.78,0.59244
1756090956625000000,book,A,113619.99,0.1001
1756090956625000000,book,A,113796.91,0.0001
1756090956725000000,book,A,113448.76,0.59244
1756090956725000000,book,A,113448.78,0.0
1756090957225000000,book,B,113056.78,0.0
1756090957625000000,book,B,113226.47,0.0
1756090957625000000,book,B,113152.6,0.1224
1756090957625000000,book,B,113152.58,0.0
1756090957625000000,book,A,113448.74,0.21741
1756090957625000000,book,A,113448.75,0.048
1756090957625000000,book,A,113448.77,0.0
1756090957625000000,book,A,113448.79,0.0
1756090957625000000,book,A,113448.87,0.0
1756090957725000000,book,B,113152.61,0.1001
1756090957725000000,book,B,113152.59,0.0
1756090957725000000,book,A,113448.72,0.048
1756090957725000000,book,A,113448.73,0.59244
1756090957725000000,book,A,113448.76,0.0
1756090957825000000,book,A,113448.71,0.59244
1756090957825000000,book,A,113448.73,0.0
1756090958326000000,book,A,141669.18,0.00036
1756090958726000000,book,B,113226.52,0.00033
1756090958726000000,book,B,113226.49,0.0
1756090958726000000,book,A,113448.72,0.0
1756090958726000000,book,A,113448.75,0.0
1756090958826000000,book,A,113448.7,0.048
1756090958826000000,book,A,113448.71,0.0
1756090958826000000,book,A,113448.73,0.59244
1756090958926000000,book,A,113448.69,0.59244
1756090958926000000,book,A,113448.73,0.0
1756090959226000000,book,B,113226.39,0.0
1756090959527000000,book,A,113448.68,0.048
1756090959527000000,book,A,113448.8,0.0
1756090959527000000,book,A,141669.18,0.00036
1756090959627000000,book,A,113448.67,0.59244
1756090959627000000,book,A,113448.69,0.0
1756090959727000000,book,A,113448.66,0.34373
1756090959827000000,book,A,113448.65,0.59244
1756090959827000000,book,A,113448.67,0.0
1756090959827000000,book,A,113448.7,0.0
1756090959827000000,book,A,141669.18,0.00027
1756090960827000000,book,A,113448.64,0.0
1756090960827000000,book,A,113448.68,0.0
1756090961228000000,book,B,113226.53,0.00627
1756090961228000000,book,B,113226.52,0.00905
1756090961328000000,book,B,113226.54,0.0189
1756090961328000000,book,B,113226.51,0.0
1756090961828000000,book,A,113448.64,0.048
1756090961928000000,book,A,113448.63,0.59244
1756090961928000000,book,A,113448.65,0.0
1756090962629000000,book,A,113448.62,0.048
1756090962729000000,book,A,113448.61,0.59244
1756090962729000000,book,A,113448.63,0.0
1756090963129000000,book,A,141669.18,0.00018
1756090963529000000,book,B,113152.62,0.1224
1756090963529000000,book,B,113152.6,0.0
1756090963529000000,book,A,113448.6,0.21741
1756090963529000000,book,A,113448.74,0.0
1756090963630000000,book,B,113152.63,0.1001
1756090963630000000,book,B,113152.61,0.0
1756090963630000000,book,A,113448.59,0.59244
1756090963630000000,book,A,113448.61,0.0
1756090963630000000,book,A,113448.64,0.0
1756090963730000000,book,A,113448.66,0.0
1756090963830000000,book,A,113448.58,0.34373
1756090963930000000,book,A,113448.57,0.59244
1756090963930000000,book,A,113448.59,0.0
1756090964030000000,book,A,113448.56,0.048
1756090964030000000,book,A,113448.62,0.0
1756090964130000000,book,A,113448.55,0.59244
1756090964130000000,book,A,113448.57,0.0
1756090964230000000,book,B,113226.45,0.0
1756090964330000000,book,A,141669.18,9e-05
1756090965031000000,book,B,113226.54,0.0589
1756090965031000000,book,A,113448.54,0.0
1756090965231000000,book,B,113226.55,0.00537
1756090965331000000,book,B,113226.56,0.0189
1756090965331000000,book,B,113226.54,0.04
1756090965731000000,book,A,113448.56,0.0
1756090965831000000,book,A,113448.55,0.0
1756090965831000000,book,A,113448.57,0.59244
1756090965931000000,book,B,113226.57,0.02033
1756090965931000000,book,B,113226.52,0.00872
1756090966031000000,book,B,113226.58,0.0189
1756090966031000000,book,B,113226.56,0.0
1756090966732000000,book,A,113448.56,0.04342
1756090966832000000,book,A,113448.55,0.59244
1756090966832000000,book,A,113448.57,0.0
1756090966832000000,book,A,141669.18,0.00018
1756090967232000000,book,B,113226.59,0.00181
1756090967332000000,book,B,113226.57,0.0
1756090967432000000,book,B,113226.58,0.0
1756090967432000000,book,B,113226.56,0.0189
1756090967532000000,book,A,141669.18,0.00027
1756090967732000000,book,A,113448.54,0.04342
1756090967732000000,book,A,113448.56,0.0
1756090967832000000,book,A,113448.53,0.59244
1756090967832000000,book,A,113448.55,0.0
1756090967832000000,book,A,141669.18,0.00018
1756090968033000000,book,A,113448.58,0.0
1756090968133000000,book,A,113448.52,0.34373
1756090968233000000,book,B,113226.6,0.00033
1756090968333000000,book,B,113226.6,0.01923
1756090968333000000,book,B,113226.56,0.0
1756090968333000000,book,B,113226.54,0.0
1756090968333000000,book,A,113448.5,0.04461
1756090968333000000,book,A,113448.51,0.59244
1756090968333000000,book,A,113448.53,0.0
1756090968433000000,book,A,113448.49,0.59244
1756090968433000000,book,A,113448.51,0.0
1756090968633000000,book,A,113448.48,0.04461
1756090968633000000,book,A,113448.5,0.0
1756090968733000000,book,A,113448.47,0.59244
1756090968733000000,book,A,113448.49,0.0
1756090969534000000,book,B,113152.64,0.1224
1756090969534000000,book,B,113152.62,0.0
1756090969534000000,book,A,113448.45,0.04769
1756090969534000000,book,A,113448.46,0.21741
1756090969534000000,book,A,113448.54,0.0
1756090969534000000,book,A,113448.6,0.0
1756090969634000000,book,B,113152.65,0.1001
1756090969634000000,book,B,113152.63,0.0
1756090969634000000,book,A,113448.44,0.59244
1756090969634000000,book,A,113448.47,0.0
1756090970234000000,book,B,113226.5,0.0
1756090970517000000,trade,B,113448.44,0.00088
1756090970534000000,book,A,113448.44,0.59156
1756090970534000000,book,A,113448.45,0.0
1756090970534000000,book,A,113448.48,0.0
1756090970634000000,book,B,113226.6,0.02011
1756090970634000000,book,A,113448.44,0.0
1756090970634000000,book,A,113448.45,0.59156
1756090971235000000,book,B,113226.61,0.00432
1756090971235000000,book,A,141677.9,9e-05
1756090971335000000,book,B,113226.62,0.01978
1756090971335000000,book,B,113226.6,0.00033
1756090971635000000,book,A,113448.44,0.04769
1756090971735000000,book,A,113448.43,0.59156
1756090971735000000,book,A,113448.45,0.0
1756090972136000000,book,A,113448.52,0.0
1756090972236000000,book,B,113226.63,0.00033
1756090972236000000,book,B,113226.6,0.0
1756090972236000000,book,B,113152.66,0.1224
1756090972236000000,book,B,113152.64,0.0
1756090972236000000,book,B,113076.01,0.0
1756090972236000000,book,B,113063.73,0.03516
1756090972236000000,book,A,113448.41,0.34373
1756090972236000000,book,A,113448.42,0.21741
1756090972236000000,book,A,113448.46,0.0
1756090972236000000,book,A,141677.9,0.00018
1756090972336000000,book,B,113152.67,0.1001
1756090972336000000,book,B,113152.65,0.0
1756090972336000000,book,A,113448.4,0.59156
1756090972336000000,book,A,113448.43,0.0
1756090972436000000,book,A,113448.39,0.04769
1756090972536000000,book,A,113448.38,0.59156
1756090972536000000,book,A,113448.4,0.0
1756090972736000000,book,B,113226.63,0.0
1756090972736000000,book,A,113448.44,0.0
1756090973236000000,book,B,113226.48,0.0
1756090973737000000,book,A,113448.37,0.04769
1756090973737000000,book,A,113448.39,0.0
1756090973837000000,book,A,113448.36,0.59156
1756090973837000000,book,A,113448.38,0.0
1756090974537000000,book,A,113448.35,0.00117
1756090974737000000,book,A,141669.18,9e-05
1756090974737000000,book,A,141677.9,0.00027
1756090975038000000,book,A,141669.18,0.0
1756090975038000000,book,A,141677.9,0.00036
1756090975238000000,book,B,113152.54,0.0
1756090975238000000,book,B,113075.9,0.0074
1756090975438000000,book,B,113152.68,0.1224
1756090975438000000,book,B,113152.66,0.0
1756090975438000000,book,A,113448.33,0.04769
1756090975438000000,book,A,113448.34,0.21741
1756090975438000000,book,A,113448.37,0.0
1756090975438000000,book,A,113448.42,0.0
1756090975538000000,book,B,113152.69,0.1001
1756090975538000000,book,B,113152.67,0.0
1756090975538000000,book,A,113448.32,0.59156
1756090975538000000,book,A,113448.36,0.0
1756090975838000000,book,A,141677.9,0.00045
1756090976138000000,book,A,113448.31,0.04769
1756090976238000000,book,B,113226.63,0.00903
1756090976238000000,book,B,113076.01,0.0023
1756090976238000000,book,B,113075.91,0.00893
1756090976238000000,book,A,113448.3,0.59156
1756090976238000000,book,A,113448.32,0.0
1756090976339000000,book,B,113226.64,0.01978
1756090976339000000,book,B,113226.62,0.0
1756090976339000000,book,A,113448.41,0.0
1756090976439000000,book,A,113448.29,0.34373
1756090976439000000,book,A,113448.31,0.0
1756090976539000000,book,A,113448.28,0.59156
1756090976539000000,book,A,113448.3,0.0
1756090976839000000,book,A,113448.27,0.04769
1756090976839000000,book,A,113448.33,0.0
1756090976939000000,book,A,113448.26,0.59156
1756090976939000000,book,A,113448.28,0.0
1756090977840000000,book,B,113226.64,0.05978
1756090977840000000,book,A,113448.25,0.0
1756090977840000000,book,A,113448.27,0.0
1756090977940000000,book,A,113448.26,0.0
1756090977940000000,book,A,113448.28,0.59156
1756090978340000000,book,A,113448.27,0.04769
1756090978440000000,book,A,113448.26,0.59156
1756090978440000000,book,A,113448.28,0.0
1756090978840000000,book,A,141677.9,0.00045
1756090979341000000,book,B,113226.64,0.05978
1756090979341000000,book,A,113448.25,0.0
1756090979341000000,book,A,113448.27,0.0
1756090979441000000,book,A,113448.25,0.00117
1756090979441000000,book,A,113448.26,0.0
1756090979441000000,book,A,113448.28,0.59156
1756090979441000000,book,A,113448.35,0.0
1756090980442000000,book,A,113448.29,0.0
1756090980542000000,book,A,113448.24,0.34373
1756090980542000000,book,A,113448.28,0.0
1756090980542000000,book,A,113448.33,0.59156
1756090980542000000,book,A,141677.9,0.00045
1756090980642000000,book,B,113226.64,0.01978
1756090980642000000,book,B,113005.28,0.0
1756090980642000000,book,A,113448.23,0.63925
1756090980642000000,book,A,113448.33,0.0
1756090981342000000,book,B,113152.7,0.1224
1756090981342000000,book,B,113152.68,0.0
1756090981342000000,book,A,113448.22,0.21741
1756090981342000000,book,A,113448.34,0.0
1756090981442000000,book,B,113152.71,0.1001
1756090981442000000,book,B,113152.69,0.0
1756090981442000000,book,A,113448.21,0.59156
1756090981442000000,book,A,113448.23,0.04769
1756090981642000000,book,B,113226.64,0.05978
1756090981642000000,book,A,113448.2,0.04769
1756090981642000000,book,A,113448.23,0.0
1756090981742000000,book,A,113448.19,0.59156
1756090981742000000,book,A,113448.21,0.0
1756090982243000000,book,B,113226.53,0.0
1756090982243000000,book,B,113226.52,0.0
1756090982543000000,book,A,141677.9,0.00036
1756090982643000000,book,B,113226.64,0.05978
1756090982643000000,book,B,112985.11,0.00274
1756090982643000000,book,A,113448.18,0.04886
1756090982643000000,book,A,113448.2,0.0
1756090982643000000,book,A,113448.25,0.0
1756090982743000000,book,A,113448.17,0.59156
1756090982743000000,book,A,113448.19,0.0
1756090982743000000,book,A,141677.9,0.00027
1756090983244000000,book,B,113226.65,0.00854
1756090983244000000,book,B,113076.01,0.0045
1756090983244000000,book,B,113076.0,0.00485
1756090983344000000,book,B,113226.66,0.01978
1756090983344000000,book,B,113226.64,0.04
1756090983644000000,book,A,113448.16,0.04769
1756090983644000000,book,A,113448.18,0.00117
1756090983744000000,book,A,113448.15,0.59156
1756090983744000000,book,A,113448.17,0.0
1756090984244000000,book,A,141677.9,0.00027
1756090984545000000,book,A,113448.14,0.04767
1756090984645000000,book,A,113448.13,0.59156
1756090984645000000,book,A,113448.15,0.0
1756090984645000000,book,A,113448.24,0.0
1756090984745000000,book,A,113448.13,0.93529
1756090984845000000,book,A,113448.12,0.00117
1756090984845000000,book,A,113448.16,0.0
1756090984845000000,book,A,113448.18,0.0
1756090986946000000,book,A,141677.9,0.00018
1756090987247000000,book,B,113152.72,0.1224
1756090987247000000,book,B,113152.7,0.0
1756090987247000000,book,A,113448.1,0.04767
1756090987247000000,book,A,113448.11,0.21741
1756090987247000000,book,A,113448.14,0.0
1756090987247000000,book,A,113448.22,0.0
1756090987347000000,book,B,113152.73,0.1001
1756090987347000000,book,B,113152.71,0.0
1756090987347000000,book,A,113448.09,0.59156
1756090987347000000,book,A,113448.13,0.34373
1756090988047000000,book,A,113448.08,0.00117
1756090988047000000,book,A,113448.12,0.0
1756090988247000000,book,B,113226.59,0.0
1756090988247000000,book,B,113226.55,0.0
1756090988247000000,book,B,113075.9,2e-05
1756090988648000000,book,A,141677.9,9e-05
1756090988848000000,book,A,113448.13,0.0
1756090988948000000,book,A,113448.06,0.04767
1756090988948000000,book,A,113448.07,0.34373
1756090988948000000,book,A,113448.1,0.0
1756090989048000000,book,A,113448.05,0.59156
1756090989048000000,book,A,113448.09,0.0
1756090989248000000,book,B,113226.61,0.0
1756090989348000000,book,A,113448.04,0.04767
1756090989448000000,book,A,113448.03,0.59156
1756090989448000000,book,A,113448.05,0.0
1756090990049000000,book,A,141677.9,0.00018
1756090990149000000,book,B,113152.72,0.0
1756090990149000000,book,B,113076.02,0.1224
1756090990149000000,book,A,113448.02,0.21741
1756090990149000000,book,A,113448.06,0.0
1756090990149000000,book,A,113448.11,0.0
1756090990249000000,book,B,113226.67,0.00908
1756090990249000000,book,B,113152.73,0.0
1756090990249000000,book,B,113076.03,0.1001
1756090990249000000,book,B,113063.74,0.00845
1756090990249000000,book,A,113448.0,0.00117
1756090990249000000,book,A,113448.01,0.59156
1756090990249000000,book,A,113448.03,0.0
1756090990249000000,book,A,113448.08,0.0
1756090990349000000,book,B,113226.68,0.01978
1756090990349000000,book,B,113226.66,0.0
1756090990449000000,book,A,141677.9,0.00027
1756090992150000000,book,B,113226.63,0.0
1756090992150000000,book,A,141677.9,0.00018
1756090992450000000,book,B,113063.73,0.0
1756090992450000000,book,B,113044.75,0.02861
1756090992450000000,book,A,113528.37,0.0
1756090992951000000,book,A,113448.07,0.0
1756090993051000000,book,A,113447.99,0.34373
1756090993051000000,book,A,118774.99,0.00317
1756090993151000000,book,B,113076.04,0.1224
1756090993151000000,book,B,113076.02,0.0
1756090993151000000,book,A,113447.97,0.21741
1756090993151000000,book,A,113447.98,0.63923
1756090993151000000,book,A,113448.01,0.0
1756090993151000000,book,A,113448.02,0.0
1756090993151000000,book,A,113448.04,0.0
1756090993251000000,book,B,113226.69,0.00839
1756090993251000000,book,B,113076.05,0.1001
1756090993251000000,book,B,113076.03,0.0
1756090993251000000,book,A,113447.96,0.59156
1756090993251000000,book,A,113447.98,0.04767
1756090993351000000,book,B,113226.7,0.01978
1756090993351000000,book,B,113226.68,0.0
1756090993451000000,book,A,113447.95,0.00117
1756090993451000000,book,A,113448.0,0.0
1756090994952000000,book,A,141677.9,0.00027
1756090995152000000,book,B,113226.71,0.00192
1756090996153000000,book,B,113076.06,0.1224
1756090996153000000,book,B,113076.04,0.0
1756090996153000000,book,A,113447.94,0.21741
1756090996153000000,book,A,113447.97,0.0
1756090996253000000,book,B,113076.07,0.1001
1756090996253000000,book,B,113076.05,0.0
1756090996253000000,book,A,113447.92,0.04767
1756090996253000000,book,A,113447.93,0.63923
1756090996253000000,book,A,113447.96,0.0
1756090996253000000,book,A,113447.98,0.0
1756090996353000000,book,A,113447.91,0.59156
1756090996353000000,book,A,113447.93,0.04767
1756090996453000000,book,A,141677.9,0.00036
1756090997154000000,book,A,113447.99,0.0
1756090997254000000,book,A,113447.89,0.02832
1756090997254000000,book,A,113447.9,0.34373
1756090997254000000,book,A,113447.93,0.0
1756090997354000000,book,A,113447.88,0.59156
1756090997354000000,book,A,113447.91,0.0
1756090998254000000,book,A,113447.87,0.04767
1756090998254000000,book,A,113447.92,0.0
1756090998355000000,book,A,113447.86,0.59156
1756090998355000000,book,A,113447.88,0.0
1756090998355000000,book,A,113447.95,0.0
1756090998455000000,book,A,113447.85,0.00117
1756090998455000000,book,A,141677.9,0.00036
1756090998555000000,book,A,141677.9,0.00036
1756090999355000000,book,A,113447.85,0.04767
1756090999355000000,book,A,113447.87,0.0
1756090999455000000,book,A,113447.84,0.59156
1756090999455000000,book,A,113447.86,0.0
1756090999656000000,book,A,113447.83,0.04767
1756090999756000000,book,A,113447.82,0.59156
1756090999756000000,book,A,113447.84,0.0
1756091000156000000,book,A,141677.9,0.00045
1756091000656000000,book,A,113447.83,0.0
1756091000656000000,book,A,113447.85,0.0
1756091000756000000,book,A,113447.82,0.0
1756091000756000000,book,A,113447.87,0.04767
1756091000756000000,book,A,113447.88,0.59156
1756091000856000000,book,A,113447.86,0.59156
1756091000856000000,book,A,113447.88,0.0
1756091001057000000,book,A,113447.85,0.00033
1756091001357000000,book,A,113447.9,0.0
1756091001457000000,book,A,113447.85,0.34406
1756091001557000000,book,A,113447.84,0.59156
1756091001557000000,book,A,113447.86,0.0
1756091001757000000,book,A,113447.83,0.04767
1756091001757000000,book,A,113447.87,0.0
1756091001857000000,book,A,113447.82,0.59156
1756091001857000000,book,A,113447.84,0.0
1756091002057000000,book,B,113076.08,0.1224
1756091002057000000,book,B,113076.06,0.0
1756091002057000000,book,A,113447.81,0.21741
1756091002057000000,book,A,113447.94,0.0
1756091002157000000,book,B,113076.09,0.1001
1756091002157000000,book,B,113076.07,0.0
1756091002157000000,book,A,113447.8,0.59156
1756091002157000000,book,A,113447.82,0.0
1756091002558000000,book,A,113447.79,0.04767
1756091002658000000,book,B,112985.11,0.0
1756091002658000000,book,B,112858.01,0.01092
1756091002658000000,book,A,113447.78,0.59156
1756091002658000000,book,A,113447.8,0.0
1756091002958000000,book,A,141677.9,0.00045
1756091003558000000,book,A,113447.79,0.0
1756091003558000000,book,A,113447.83,0.0
1756091003659000000,book,A,113447.77,0.59156
1756091003659000000,book,A,113447.78,0.0
1756091003659000000,book,A,113447.79,0.04519
1756091003659000000,book,A,113447.8,0.0
1756091003659000000,book,A,113447.89,0.0
1756091003759000000,book,A,113447.77,0.0
1756091003759000000,book,A,113447.78,0.59156
1756091004559000000,book,A,141677.9,0.00045
1756091004659000000,book,A,113447.77,0.0
1756091004659000000,book,A,113447.79,0.0
1756091004759000000,book,A,113447.78,0.0
1756091004759000000,book,A,113447.8,0.59156
1756091005560000000,book,A,113447.85,0.00033
1756091005660000000,book,A,113447.78,0.34373
1756091005660000000,book,A,113447.79,0.04336
1756091005760000000,book,A,113447.77,0.59156
1756091005760000000,book,A,113447.8,0.0
1756091006661000000,book,A,113447.76,0.04336
1756091006661000000,book,A,113447.79,0.0
1756091006761000000,book,A,113447.75,0.59156
1756091006761000000,book,A,113447.77,0.0
1756091006761000000,book,A,141677.9,0.00036
1756091006861000000,book,A,113447.75,0.59273
1756091006861000000,book,A,113447.85,0.0
1756091006861000000,book,A,141677.9,0.00027
1756091006961000000,book,A,113447.74,0.04336
1756091007061000000,book,A,113447.73,0.59156
1756091007061000000,book,A,113447.75,0.00117
1756091007361000000,book,A,113528.37,0.02741
1756091007962000000,book,B,113076.1,0.1224
1756091007962000000,book,B,113076.08,0.0
1756091007962000000,book,A,113447.7,0.21741
1756091007962000000,book,A,113447.71,0.41267
1756091007962000000,book,A,113447.72,0.04336
1756091007962000000,book,A,113447.74,0.0
1756091007962000000,book,A,113447.76,0.0
1756091007962000000,book,A,113447.81,0.0
1756091007962000000,book,A,113528.38,0.0
1756091008062000000,book,B,113076.11,0.1001
1756091008062000000,book,B,113076.09,0.0
1756091008062000000,book,A,113447.69,0.59156
1756091008062000000,book,A,113447.73,0.0
1756091008062000000,book,A,141677.9,0.00027
1756091008162000000,book,B,113044.75,0.0
1756091008962000000,book,A,113447.68,0.04336
1756091008962000000,book,A,113447.72,0.0
1756091009062000000,book,A,113447.67,0.59156
1756091009062000000,book,A,113447.69,0.0
1756091009162000000,book,A,113447.67,0.59273
1756091009162000000,book,A,113447.75,0.0
1756091009663000000,book,A,113447.78,0.0
1756091009863000000,book,A,113447.66,0.34373
1756091009963000000,book,A,113447.64,0.0446
1756091009963000000,book,A,113447.65,0.59156
1756091009963000000,book,A,113447.67,0.00117
1756091009963000000,book,A,113447.68,0.0
1756091010063000000,book,A,113447.63,0.59156
1756091010063000000,book,A,113447.65,0.0
1756091010263000000,book,A,113447.62,0.0446
1756091010363000000,book,B,113057.42,0.02096
1756091010363000000,book,A,113447.61,0.59156
1756091010363000000,book,A,113447.63,0.0
1756091010764000000,book,A,113447.6,0.04
1756091010764000000,book,A,113447.62,0.0
1756091010764000000,book,A,141677.9,0.00018
1756091010864000000,book,A,113447.59,0.59156
1756091010864000000,book,A,113447.61,0.0
1756091011764000000,book,A,113447.58,0.04
1756091011764000000,book,A,113447.6,0.0
1756091011764000000,book,A,113447.64,0.0
1756091011864000000,book,A,113447.57,0.59156
1756091011864000000,book,A,113447.59,0.0
1756091011864000000,book,A,113447.67,0.0
1756091011964000000,book,A,113447.58,0.04117
1756091012365000000,book,A,141677.9,9e-05
1756091012665000000,book,B,113226.64,0.0
1756091012665000000,book,A,113447.56,0.0
1756091013665000000,book,A,113447.56,0.04609
1756091013665000000,book,A,113447.58,0.00117
1756091013765000000,book,A,113447.55,0.59156
1756091013765000000,book,A,113447.57,0.0
1756091013765000000,book,A,113528.37,0.0
1756091013865000000,book,B,113076.1,0.0
1756091013865000000,book,A,113447.54,0.04609
1756091013865000000,book,A,113447.66,0.0
1756091013865000000,book,A,113447.7,0.0
1756091013865000000,book,A,113543.12,0.1001
1756091013865000000,book,A,113619.99,0.0
1756091013966000000,book,B,113076.12,0.1224
1756091013966000000,book,B,113076.11,0.0
1756091013966000000,book,B,113076.02,0.1001
1756091013966000000,book,A,113447.52,0.34373
1756091013966000000,book,A,113447.53,0.80897
1756091013966000000,book,A,113447.55,0.0
1756091013966000000,book,A,113454.82,0.035
1756091014066000000,book,B,113076.13,0.1001
1756091014066000000,book,B,113076.02,0.0
1756091014066000000,book,A,113447.51,0.59156
1756091014066000000,book,A,113447.53,0.21741
1756091014166000000,book,B,113226.69,0.0
1756091014166000000,book,B,113226.67,0.0
1756091014166000000,book,B,113226.65,0.0
1756091014166000000,book,A,113447.54,0.0
1756091014266000000,book,B,113226.7,0.0
1756091014266000000,book,B,113225.3,0.01978
1756091014566000000,book,A,141677.9,0.00018
1756091015166000000,book,A,113447.5,0.04609
1756091015166000000,book,A,113447.56,0.0
1756091015166000000,book,A,141677.9,0.00027
1756091015266000000,book,A,113447.49,0.59156
1756091015266000000,book,A,113447.51,0.0
1756091015867000000,book,A,141677.9,0.00018
1756091016167000000,book,B,113226.71,0.0
1756091016167000000,book,A,113447.48,0.04609
1756091016167000000,book,A,113447.5,0.0
1756091016267000000,book,B,113225.3,0.0
1756091016267000000,book,B,113076.13,0.11988
1756091016267000000,book,A,113447.47,0.59156
1756091016267000000,book,A,113447.49,0.0
1756091017168000000,book,A,113447.46,0.04609
1756091017168000000,book,A,113447.48,0.0
1756091017268000000,book,A,113447.45,0.59156
1756091017268000000,book,A,113447.47,0.0
1756091017468000000,book,B,113057.42,0.0
1756091018069000000,book,A,113447.52,0.0
1756091018169000000,book,B,113076.14,0.0081
1756091018169000000,book,B,113076.13,0.12878
1756091018169000000,book,B,113063.74,0.01135
1756091018169000000,book,A,113447.43,0.04609
1756091018169000000,book,A,113447.44,0.34373
1756091018169000000,book,A,113447.46,0.0
1756091018269000000,book,B,113225.3,0.00813
1756091018269000000,book,B,113076.15,0.11988
1756091018269000000,book,B,113076.13,0.0089
1756091018269000000,book,A,113447.42,0.59156
1756091018269000000,book,A,113447.45,0.0
1756091018369000000,book,B,113225.31,0.01978
1756091018369000000,book,B,113076.15,0.1001
1756091018669000000,book,A,141677.9,0.00027
1756091019269000000,book,B,113044.65,0.03479
1756091019269000000,book,A,113447.41,0.0
1756091019269000000,book,A,113447.43,0.0
1756091019369000000,book,A,113447.42,0.0
1756091019369000000,book,A,113447.43,0.59156
1756091019870000000,book,B,113076.16,0.1224
1756091019870000000,book,B,113076.12,0.0
1756091019870000000,book,A,113447.42,0.21741
1756091019870000000,book,A,113447.53,0.0
1756091019970000000,book,B,113076.17,0.1001
1756091019970000000,book,B,113076.15,0.0
1756091019970000000,book,A,113447.41,0.59156
1756091019970000000,book,A,113447.43,0.0
1756091020070000000,book,A,141677.9,0.00036
1756091020170000000,book,A,113447.4,0.04609
1756091020270000000,book,A,113447.38,0.04609
1756091020270000000,book,A,113447.39,0.59156
1756091020270000000,book,A,113447.41,0.0
1756091020370000000,book,A,113447.37,0.59156
1756091020370000000,book,A,113447.39,0.0
1756091021271000000,book,A,113447.38,0.0
1756091021271000000,book,A,113447.4,0.0
1756091021371000000,book,A,113447.37,0.0
1756091021371000000,book,A,113447.4,0.04609
1756091021371000000,book,A,113447.41,0.59156
1756091021471000000,book,A,113447.39,0.59156
1756091021471000000,book,A,113447.41,0.0
1756091022171000000,book,A,113447.44,0.0
1756091022171000000,book,A,113447.58,0.0
1756091022271000000,book,B,113225.31,0.05978
1756091022271000000,book,A,113447.38,0.04609
1756091022372000000,book,A,113447.37,0.59156
1756091022372000000,book,A,113447.38,0.38982
1756091022372000000,book,A,113447.39,0.0
1756091022372000000,book,A,113447.4,0.0
1756091022672000000,book,A,141677.9,0.00036
1756091022872000000,book,A,141677.9,0.00036
1756091023072000000,book,A,113447.36,0.00117
1756091023873000000,book,A,141677.9,0.00045
1756091024173000000,book,B,113225.31,0.01978
1756091024573000000,book,B,113076.18,0.1224
1756091024573000000,book,B,113076.16,0.0
1756091024573000000,book,B,113044.65,0.0
1756091024573000000,book,B,113036.17,0.0263
1756091024573000000,book,A,113447.35,0.21741
1756091024573000000,book,A,113447.42,0.0
1756091024673000000,book,B,113076.19,0.1001
1756091024673000000,book,B,113076.17,0.0
1756091024673000000,book,A,113447.34,0.59156
1756091024673000000,book,A,113447.37,0.0
1756091024873000000,book,B,113225.31,0.05978
1756091024873000000,book,A,113447.33,0.04609
1756091024873000000,book,A,113447.38,0.34373
1756091024973000000,book,B,113076.2,0.1224
1756091024973000000,book,B,113076.18,0.0
1756091024973000000,book,A,113447.31,0.21741
1756091024973000000,book,A,113447.32,0.59156
1756091024973000000,book,A,113447.34,0.0
1756091024973000000,book,A,113447.35,0.0
1756091025073000000,book,B,113076.21,0.1001
1756091025073000000,book,B,113076.19,0.0
1756091025073000000,book,A,113447.3,0.59156
1756091025073000000,book,A,113447.32,0.0
1756091025174000000,book,A,113447.29,0.04609
1756091025274000000,book,A,113447.28,0.59156
1756091025274000000,book,A,113447.29,0.0
1756091025274000000,book,A,113447.3,0.0
1756091025374000000,book,A,113447.28,0.0
1756091025374000000,book,A,113447.3,0.59156
1756091026474000000,book,A,113447.38,0.0
1756091026575000000,book,B,113225.31,0.05978
1756091026575000000,book,B,113076.22,0.1224
1756091026575000000,book,B,113076.2,0.0
1756091026575000000,book,B,113036.17,0.0
1756091026575000000,book,B,113012.83,0.02254
1756091026575000000,book,A,113447.28,0.04609
1756091026575000000,book,A,113447.29,0.60723
1756091026575000000,book,A,113447.31,0.0
1756091026575000000,book,A,113447.33,0.0
1756091026575000000,book,A,113454.81,0.06617
1756091026575000000,book,A,113543.13,0.0
1756091026675000000,book,B,113076.23,0.1001
1756091026675000000,book,B,113076.21,0.0
1756091026675000000,book,A,113447.27,0.59156
1756091026675000000,book,A,113447.3,0.0
1756091026675000000,book,A,113543.12,0.0
1756091026675000000,book,A,113543.13,0.1001
1756091026775000000,book,A,113447.28,0.0
1756091026875000000,book,A,113447.27,0.0
1756091026875000000,book,A,113447.28,0.59156
1756091027075000000,book,B,113076.24,0.1224
1756091027075000000,book,B,113076.22,0.0
1756091027075000000,book,A,113447.27,0.21741
1756091027075000000,book,A,113447.29,0.38982
1756091027075000000,book,A,141677.9,0.00045
1756091027175000000,book,B,113076.25,0.1001
1756091027175000000,book,B,113076.23,0.0
1756091027175000000,book,A,113447.26,0.59156
1756091027175000000,book,A,113447.28,0.0
1756091027575000000,book,B,113225.31,0.01978
1756091027575000000,book,A,113447.25,0.04513
1756091027575000000,book,A,113447.29,0.34373
1756091027675000000,book,A,113447.24,0.59156
1756091027675000000,book,A,113447.26,0.0
1756091027975000000,book,A,113454.81,0.0
1756091027975000000,book,A,113528.38,0.06617
1756091028076000000,book,A,113528.37,0.1001
1756091028076000000,book,A,113543.13,0.0
1756091028176000000,book,B,113225.31,0.05978
1756091028176000000,book,B,113225.3,0.0
1756091028176000000,book,A,113447.23,0.04263
1756091028276000000,book,A,113447.22,0.59156
1756091028276000000,book,A,113447.24,0.0
1756091028576000000,book,A,141677.9,0.00045
1756091029176000000,book,B,113225.31,0.01978
1756091029176000000,book,A,113447.21,0.04263
1756091029176000000,book,A,113447.23,0.0
1756091029176000000,book,A,113447.25,0.0
1756091029276000000,book,B,113225.31,0.0
1756091029276000000,book,B,113076.25,0.11988
1756091029276000000,book,A,113447.2,0.59156
1756091029276000000,book,A,113447.22,0.0
1756091029877000000,book,B,113076.26,0.1224
1756091029877000000,book,B,113076.24,0.0
1756091029877000000,book,A,113447.19,0.21741
1756091029877000000,book,A,113447.27,0.0
1756091029977000000,book,B,113076.27,0.11988
1756091029977000000,book,B,113076.25,0.0
1756091029977000000,book,A,113447.18,0.59156
1756091029977000000,book,A,113447.2,0.0
1756091030177000000,book,B,113225.29,0.04088
1756091030177000000,book,B,113076.28,0.0074
1756091030177000000,book,A,113447.17,0.04263
1756091030177000000,book,A,113447.21,0.0
1756091030277000000,book,B,113225.3,0.01978
1756091030277000000,book,B,113076.29,0.1001
1756091030277000000,book,B,113076.27,0.0
1756091030277000000,book,A,113447.16,0.59156
1756091030277000000,book,A,113447.18,0.0
1756091030384000000,trade,B,113447.16,0.00022
1756091030477000000,book,A,113447.16,0.59134
1756091030577000000,book,B,113225.3,0.02
1756091030577000000,book,A,113447.16,0.59134
1756091030677000000,book,A,113447.29,0.0
1756091030677000000,book,A,113454.81,0.06617
1756091030677000000,book,A,113528.38,0.0
1756091030777000000,book,A,113447.15,0.34373
1756091030777000000,book,A,113528.37,0.0
1756091030777000000,book,A,113543.13,0.1001
1756091030878000000,book,A,113447.14,0.59134
1756091030878000000,book,A,113447.16,0.0
1756091030978000000,book,A,141677.9,0.00036
1756091031078000000,book,A,141677.9,0.00027
1756091031178000000,book,A,113447.13,0.04263
1756091031178000000,book,A,113447.17,0.0
1756091031278000000,book,A,113447.12,0.59134
1756091031278000000,book,A,113447.14,0.0
1756091031678000000,book,A,113447.11,0.04263
1756091031778000000,book,B,113076.3,0.1224
1756091031778000000,book,B,113076.26,0.0
1756091031778000000,book,A,113447.1,0.80875
1756091031778000000,book,A,113447.12,0.0
1756091031778000000,book,A,113447.19,0.0
1756091031878000000,book,B,113076.31,0.1001
1756091031878000000,book,B,113076.29,0.0
1756091032179000000,book,B,113076.01,0.0022
1756091032179000000,book,B,113075.91,0.0
1756091032279000000,book,A,141677.9,0.00018
1756091032279000000,book,A,141679.89,9e-05
1756091032679000000,book,A,113447.09,0.0
1756091032679000000,book,A,113447.11,0.0
1756091032679000000,book,A,113447.13,0.0
1756091033179000000,book,B,113225.31,0.00881
1756091033179000000,book,B,113076.28,0.01055
1756091033279000000,book,B,113225.32,0.02
1756091033279000000,book,B,113225.3,0.0
1756091033379000000,book,A,113447.09,0.00033
1756091033379000000,book,A,113447.36,0.0
1756091033680000000,book,A,113447.09,0.04296
1756091033780000000,book,A,113447.08,0.59134
1756091033780000000,book,A,113447.1,0.21741
1756091033780000000,book,A,113454.81,0.0
1756091033780000000,book,A,113528.38,0.06617
1756091033880000000,book,A,113528.37,0.1001
1756091033880000000,book,A,113543.13,0.0
1756091034080000000,book,A,113447.07,0.04263
1756091034180000000,book,A,113447.06,0.59134
1756091034180000000,book,A,113447.08,0.0
1756091034280000000,book,A,113447.05,0.04263
1756091034280000000,book,A,113447.07,0.0
1756091034380000000,book,A,113447.04,0.59134
1756091034380000000,book,A,113447.06,0.0
1756091034780000000,book,A,113447.15,0.0
1756091034880000000,book,B,113012.83,0.0
1756091034880000000,book,A,113447.02,0.04263
