ts_ns,bid_px,bid_qty,ask_px,ask_qty
1756090800211000000,-9223372036854775808,0,9223372036854775807,0
1756090800311000000,-9223372036854775808,0,9223372036854775807,0
1756090800311000000,-9223372036854775808,0,9223372036854775807,0
1756090800412000000,-9223372036854775808,0,9223372036854775807,0
1756090801813000000,-9223372036854775808,0,9223372036854775807,0
1756090801813000000,-9223372036854775808,0,9223372036854775807,0
1756090801913000000,-9223372036854775808,0,9223372036854775807,0
1756090801913000000,-9223372036854775808,0,9223372036854775807,0
1756090802113000000,-9223372036854775808,0,9223372036854775807,0
1756090802213000000,-9223372036854775808,0,9223372036854775807,0
1756090802313000000,-9223372036854775808,0,9223372036854775807,0
1756090802313000000,-9223372036854775808,0,9223372036854775807,0
1756090802313000000,-9223372036854775808,0,9223372036854775807,0
1756090802413000000,-9223372036854775808,0,9223372036854775807,0
1756090802413000000,-9223372036854775808,0,9223372036854775807,0
1756090802713000000,-9223372036854775808,0,9223372036854775807,0
1756090802813000000,-9223372036854775808,0,9223372036854775807,0
1756090802813000000,-9223372036854775808,0,9223372036854775807,0
1756090802813000000,-9223372036854775808,0,9223372036854775807,0
1756090802813000000,-9223372036854775808,0,9223372036854775807,0
1756090802813000000,-9223372036854775808,0,9223372036854775807,0
1756090802813000000,-9223372036854775808,0,9223372036854775807,0
1756090802813000000,-9223372036854775808,0,9223372036854775807,0
1756090802913000000,-9223372036854775808,0,9223372036854775807,0
1756090802913000000,-9223372036854775808,0,9223372036854775807,0
1756090802913000000,-9223372036854775808,0,9223372036854775807,0
1756090802913000000,-9223372036854775808,0,9223372036854775807,0
1756090802913000000,-9223372036854775808,0,9223372036854775807,0
1756090802913000000,-9223372036854775808,0,9223372036854775807,0
1756090803214000000,-9223372036854775808,0,9223372036854775807,0
1756090803814000000,-9223372036854775808,0,9223372036854775807,0
1756090803814000000,-9223372036854775808,0,9223372036854775807,0
1756090803914000000,-9223372036854775808,0,9223372036854775807,0
1756090803914000000,-9223372036854775808,0,9223372036854775807,0
1756090804014000000,-9223372036854775808,0,9223372036854775807,0
1756090804014000000,-9223372036854775808,0,9223372036854775807,0
1756090804114000000,-9223372036854775808,0,9223372036854775807,0
1756090804615000000,-9223372036854775808,0,9223372036854775807,0
1756090804715000000,-9223372036854775808,0,9223372036854775807,0
1756090804715000000,-9223372036854775808,0,9223372036854775807,0
1756090804815000000,-9223372036854775808,0,9223372036854775807,0
1756090805215000000,-9223372036854775808,0,9223372036854775807,0
1756090805315000000,-9223372036854775808,0,9223372036854775807,0
1756090805315000000,-9223372036854775808,0,9223372036854775807,0
1756090805315000000,-9223372036854775808,0,9223372036854775807,0
1756090806116000000,-9223372036854775808,0,9223372036854775807,0
1756090806116000000,-9223372036854775808,0,9223372036854775807,0
1756090806316000000,-9223372036854775808,0,9223372036854775807,0
1756090806416000000,-9223372036854775808,0,9223372036854775807,0
1756090806416000000,-9223372036854775808,0,9223372036854775807,0
1756090806416000000,-9223372036854775808,0,9223372036854775807,0
1756090806516000000,-9223372036854775808,0,9223372036854775807,0
1756090806516000000,-9223372036854775808,0,9223372036854775807,0
1756090806616000000,-9223372036854775808,0,9223372036854775807,0
1756090806616000000,-9223372036854775808,0,9223372036854775807,0
1756090806616000000,-9223372036854775808,0,9223372036854775807,0
1756090806616000000,-9223372036854775808,0,9223372036854775807,0
1756090806616000000,-9223372036854775808,0,9223372036854775807,0
1756090806716000000,-9223372036854775808,0,9223372036854775807,0
1756090806716000000,-9223372036854775808,0,9223372036854775807,0
1756090806716000000,-9223372036854775808,0,9223372036854775807,0
1756090806716000000,-9223372036854775808,0,9223372036854775807,0
1756090807416000000,-9223372036854775808,0,9223372036854775807,0
1756090807416000000,-9223372036854775808,0,9223372036854775807,0
1756090807517000000,-9223372036854775808,0,9223372036854775807,0
1756090807517000000,-9223372036854775808,0,9223372036854775807,0
1756090807817000000,-9223372036854775808,0,9223372036854775807,0
1756090807917000000,-9223372036854775808,0,9223372036854775807,0
1756090808017000000,-9223372036854775808,0,9223372036854775807,0
1756090808017000000,-9223372036854775808,0,9223372036854775807,0
1756090808117000000,-9223372036854775808,0,9223372036854775807,0
1756090808117000000,-9223372036854775808,0,9223372036854775807,0
1756090808417000000,-9223372036854775808,0,9223372036854775807,0
1756090808417000000,-9223372036854775808,0,9223372036854775807,0
1756090809418000000,-9223372036854775808,0,9223372036854775807,0
1756090809418000000,-9223372036854775808,0,9223372036854775807,0
1756090809518000000,-9223372036854775808,0,9223372036854775807,0
1756090809518000000,-9223372036854775808,0,9223372036854775807,0
1756090809618000000,-9223372036854775808,0,9223372036854775807,0
1756090809718000000,-9223372036854775808,0,9223372036854775807,0
1756090809718000000,-9223372036854775808,0,9223372036854775807,0
1756090809918000000,-9223372036854775808,0,9223372036854775807,0
1756090809918000000,-9223372036854775808,0,9223372036854775807,0
1756090810018000000,-9223372036854775808,0,9223372036854775807,0
1756090810018000000,-9223372036854775808,0,9223372036854775807,0
1756090810319000000,-9223372036854775808,0,9223372036854775807,0
1756090810319000000,-9223372036854775808,0,9223372036854775807,0
1756090810519000000,-9223372036854775808,0,9223372036854775807,0
1756090810619000000,-9223372036854775808,0,9223372036854775807,0
1756090810619000000,-9223372036854775808,0,9223372036854775807,0
1756090810619000000,-9223372036854775808,0,9223372036854775807,0
1756090810719000000,-9223372036854775808,0,9223372036854775807,0
1756090810719000000,-9223372036854775808,0,9223372036854775807,0
1756090811019000000,-9223372036854775808,0,9223372036854775807,0
1756090811019000000,-9223372036854775808,0,9223372036854775807,0
1756090811119000000,-9223372036854775808,0,9223372036854775807,0
1756090811119000000,-9223372036854775808,0,9223372036854775807,0
1756090812020000000,-9223372036854775808,0,9223372036854775807,0
1756090812020000000,-9223372036854775808,0,9223372036854775807,0
1756090812020000000,-9223372036854775808,0,9223372036854775807,0
1756090812120000000,-9223372036854775808,0,9223372036854775807,0
1756090812120000000,-9223372036854775808,0,9223372036854775807,0
1756090812220000000,-9223372036854775808,0,9223372036854775807,0
1756090812320000000,-9223372036854775808,0,9223372036854775807,0
1756090812320000000,-9223372036854775808,0,9223372036854775807,0
1756090812320000000,-9223372036854775808,0,9223372036854775807,0
1756090812320000000,-9223372036854775808,0,9223372036854775807,0
1756090812420000000,-9223372036854775808,0,9223372036854775807,0
1756090812520000000,-9223372036854775808,0,9223372036854775807,0
1756090812520000000,-9223372036854775808,0,9223372036854775807,0
1756090812520000000,-9223372036854775808,0,9223372036854775807,0
1756090812520000000,-9223372036854775808,0,9223372036854775807,0
1756090812520000000,-9223372036854775808,0,9223372036854775807,0
1756090812620000000,-9223372036854775808,0,9223372036854775807,0
1756090812620000000,-9223372036854775808,0,9223372036854775807,0
1756090812620000000,-9223372036854775808,0,9223372036854775807,0
1756090812620000000,-9223372036854775808,0,9223372036854775807,0
1756090812920000000,-9223372036854775808,0,9223372036854775807,0
1756090813221000000,-9223372036854775808,0,9223372036854775807,0
1756090813221000000,-9223372036854775808,0,9223372036854775807,0
1756090813321000000,-9223372036854775808,0,9223372036854775807,0
1756090813321000000,-9223372036854775808,0,9223372036854775807,0
1756090813421000000,-9223372036854775808,0,9223372036854775807,0
1756090813421000000,-9223372036854775808,0,9223372036854775807,0
1756090814321000000,-9223372036854775808,0,9223372036854775807,0
1756090814321000000,-9223372036854775808,0,9223372036854775807,0
1756090814321000000,-9223372036854775808,0,9223372036854775807,0
1756090814422000000,-9223372036854775808,0,9223372036854775807,0
1756090814422000000,-9223372036854775808,0,9223372036854775807,0
1756090814622000000,-9223372036854775808,0,9223372036854775807,0
1756090814722000000,-9223372036854775808,0,9223372036854775807,0
1756090815222000000,-9223372036854775808,0,9223372036854775807,0
1756090815222000000,-9223372036854775808,0,9223372036854775807,0
1756090815322000000,-9223372036854775808,0,9223372036854775807,0
1756090815322000000,-9223372036854775808,0,9223372036854775807,0
1756090815322000000,-9223372036854775808,0,9223372036854775807,0
1756090815322000000,-9223372036854775808,0,9223372036854775807,0
1756090815322000000,-9223372036854775808,0,9223372036854775807,0
1756090815322000000,-9223372036854775808,0,9223372036854775807,0
1756090816123000000,-9223372036854775808,0,9223372036854775807,0
1756090816423000000,-9223372036854775808,0,9223372036854775807,0
1756090816423000000,-9223372036854775808,0,9223372036854775807,0
1756090816523000000,-9223372036854775808,0,9223372036854775807,0
1756090816523000000,-9223372036854775808,0,9223372036854775807,0
1756090817223000000,-9223372036854775808,0,9223372036854775807,0
1756090817223000000,-9223372036854775808,0,9223372036854775807,0
1756090817324000000,-9223372036854775808,0,9223372036854775807,0
1756090817324000000,-9223372036854775808,0,9223372036854775807,0
1756090817424000000,-9223372036854775808,0,9223372036854775807,0
1756090817424000000,-9223372036854775808,0,9223372036854775807,0
1756090817524000000,-9223372036854775808,0,9223372036854775807,0
1756090817524000000,-9223372036854775808,0,9223372036854775807,0
1756090817524000000,-9223372036854775808,0,9223372036854775807,0
1756090817524000000,-9223372036854775808,0,9223372036854775807,0
1756090817524000000,-9223372036854775808,0,9223372036854775807,0
1756090817624000000,-9223372036854775808,0,9223372036854775807,0
1756090817624000000,-9223372036854775808,0,9223372036854775807,0
1756090817824000000,-9223372036854775808,0,9223372036854775807,0
1756090817824000000,-9223372036854775808,0,9223372036854775807,0
1756090817824000000,-9223372036854775808,0,9223372036854775807,0
1756090817924000000,-9223372036854775808,0,9223372036854775807,0
1756090817924000000,-9223372036854775808,0,9223372036854775807,0
1756090817924000000,-9223372036854775808,0,9223372036854775807,0
1756090817924000000,-9223372036854775808,0,9223372036854775807,0
1756090818224000000,-9223372036854775808,0,9223372036854775807,0
1756090818424000000,-9223372036854775808,0,9223372036854775807,0
1756090818424000000,-9223372036854775808,0,9223372036854775807,0
1756090818424000000,-9223372036854775808,0,9223372036854775807,0
1756090818424000000,-9223372036854775808,0,9223372036854775807,0
1756090818424000000,-9223372036854775808,0,9223372036854775807,0
1756090818424000000,-9223372036854775808,0,9223372036854775807,0
1756090818524000000,-9223372036854775808,0,9223372036854775807,0
1756090818524000000,-9223372036854775808,0,9223372036854775807,0
1756090818825000000,-9223372036854775808,0,9223372036854775807,0
1756090818825000000,-9223372036854775808,0,9223372036854775807,0
1756090818825000000,-9223372036854775808,0,9223372036854775807,0
1756090818825000000,-9223372036854775808,0,9223372036854775807,0
1756090818925000000,-9223372036854775808,0,9223372036854775807,0
1756090818925000000,-9223372036854775808,0,9223372036854775807,0
1756090818925000000,-9223372036854775808,0,9223372036854775807,0
1756090819825000000,-9223372036854775808,0,9223372036854775807,0
1756090819825000000,-9223372036854775808,0,9223372036854775807,0
1756090819825000000,-9223372036854775808,0,9223372036854775807,0
1756090819925000000,-9223372036854775808,0,9223372036854775807,0
1756090819925000000,-9223372036854775808,0,9223372036854775807,0
1756090819925000000,-9223372036854775808,0,9223372036854775807,0
1756090820226000000,-9223372036854775808,0,9223372036854775807,0
1756090820426000000,-9223372036854775808,0,9223372036854775807,0
1756090820726000000,-9223372036854775808,0,9223372036854775807,0
1756090820826000000,-9223372036854775808,0,9223372036854775807,0
1756090820826000000,-9223372036854775808,0,9223372036854775807,0
1756090820926000000,-9223372036854775808,0,9223372036854775807,0
1756090820926000000,-9223372036854775808,0,9223372036854775807,0
1756090820926000000,-9223372036854775808,0,9223372036854775807,0
1756090820926000000,-9223372036854775808,0,9223372036854775807,0
1756090820926000000,-9223372036854775808,0,9223372036854775807,0
1756090820926000000,-9223372036854775808,0,9223372036854775807,0
1756090821226000000,-9223372036854775808,0,9223372036854775807,0
1756090821427000000,-9223372036854775808,0,9223372036854775807,0
1756090821627000000,-9223372036854775808,0,9223372036854775807,0
1756090821627000000,-9223372036854775808,0,9223372036854775807,0
1756090821727000000,-9223372036854775808,0,9223372036854775807,0
1756090821727000000,-9223372036854775808,0,9223372036854775807,0
1756090821727000000,-9223372036854775808,0,9223372036854775807,0
1756090821727000000,-9223372036854775808,0,9223372036854775807,0
1756090822327000000,-9223372036854775808,0,9223372036854775807,0
1756090822327000000,-9223372036854775808,0,9223372036854775807,0
1756090823028000000,-9223372036854775808,0,9223372036854775807,0
1756090823128000000,-9223372036854775808,0,9223372036854775807,0
1756090823228000000,-9223372036854775808,0,9223372036854775807,0
1756090823228000000,-9223372036854775808,0,9223372036854775807,0
1756090823228000000,-9223372036854775808,0,9223372036854775807,0
1756090823228000000,-9223372036854775808,0,9223372036854775807,0
1756090823228000000,-9223372036854775808,0,9223372036854775807,0
1756090823328000000,-9223372036854775808,0,9223372036854775807,0
1756090823328000000,-9223372036854775808,0,9223372036854775807,0
1756090823428000000,-9223372036854775808,0,9223372036854775807,0
1756090823428000000,-9223372036854775808,0,9223372036854775807,0
1756090823428000000,-9223372036854775808,0,9223372036854775807,0
1756090823428000000,-9223372036854775808,0,9223372036854775807,0
1756090823528000000,-9223372036854775808,0,9223372036854775807,0
1756090823528000000,-9223372036854775808,0,9223372036854775807,0
1756090823528000000,-9223372036854775808,0,9223372036854775807,0
1756090823628000000,-9223372036854775808,0,9223372036854775807,0
1756090823628000000,-9223372036854775808,0,9223372036854775807,0
1756090823928000000,-9223372036854775808,0,9223372036854775807,0
1756090824329000000,-9223372036854775808,0,9223372036854775807,0
1756090824329000000,-9223372036854775808,0,9223372036854775807,0
1756090824329000000,-9223372036854775808,0,9223372036854775807,0
1756090824329000000,-9223372036854775808,0,9223372036854775807,0
1756090824329000000,-9223372036854775808,0,9223372036854775807,0
1756090824429000000,-9223372036854775808,0,9223372036854775807,0
1756090824429000000,-9223372036854775808,0,9223372036854775807,0
1756090824529000000,-9223372036854775808,0,9223372036854775807,0
1756090824529000000,-9223372036854775808,0,9223372036854775807,0
1756090824529000000,-9223372036854775808,0,9223372036854775807,0
1756090824529000000,-9223372036854775808,0,9223372036854775807,0
1756090824529000000,-9223372036854775808,0,9223372036854775807,0
1756090824629000000,-9223372036854775808,0,9223372036854775807,0
1756090824629000000,-9223372036854775808,0,9223372036854775807,0
1756090825029000000,-9223372036854775808,0,9223372036854775807,0
1756090825029000000,-9223372036854775808,0,9223372036854775807,0
1756090825229000000,-9223372036854775808,0,9223372036854775807,0
1756090825229000000,-9223372036854775808,0,9223372036854775807,0
1756090825930000000,-9223372036854775808,0,9223372036854775807,0
1756090826530000000,-9223372036854775808,0,9223372036854775807,0
1756090826530000000,-9223372036854775808,0,9223372036854775807,0
1756090826630000000,-9223372036854775808,0,9223372036854775807,0
1756090826630000000,-9223372036854775808,0,9223372036854775807,0
1756090826630000000,-9223372036854775808,0,9223372036854775807,0
1756090826630000000,-9223372036854775808,0,9223372036854775807,0
1756090827230000000,-9223372036854775808,0,9223372036854775807,0
1756090827230000000,-9223372036854775808,0,9223372036854775807,0
1756090827230000000,-9223372036854775808,0,9223372036854775807,0
1756090827331000000,-9223372036854775808,0,9223372036854775807,0
1756090827331000000,-9223372036854775808,0,9223372036854775807,0
1756090827431000000,-9223372036854775808,0,9223372036854775807,0
1756090827531000000,-9223372036854775808,0,9223372036854775807,0
1756090827531000000,-9223372036854775808,0,9223372036854775807,0
1756090827531000000,-9223372036854775808,0,9223372036854775807,0
1756090827631000000,-9223372036854775808,0,9223372036854775807,0
1756090827631000000,-9223372036854775808,0,9223372036854775807,0
1756090827631000000,-9223372036854775808,0,9223372036854775807,0
1756090827631000000,-9223372036854775808,0,9223372036854775807,0
1756090827631000000,-9223372036854775808,0,9223372036854775807,0
1756090828131000000,-9223372036854775808,0,9223372036854775807,0
1756090828131000000,-9223372036854775808,0,9223372036854775807,0
1756090828231000000,-9223372036854775808,0,9223372036854775807,0
1756090828531000000,-9223372036854775808,0,9223372036854775807,0
1756090828631000000,-9223372036854775808,0,9223372036854775807,0
1756090828631000000,-9223372036854775808,0,9223372036854775807,0
1756090828631000000,-9223372036854775808,0,9223372036854775807,0
1756090828631000000,-9223372036854775808,0,9223372036854775807,0
1756090828731000000,-9223372036854775808,0,9223372036854775807,0
1756090828731000000,-9223372036854775808,0,9223372036854775807,0
1756090828731000000,-9223372036854775808,0,9223372036854775807,0
1756090828731000000,-9223372036854775808,0,9223372036854775807,0
1756090829032000000,-9223372036854775808,0,9223372036854775807,0
1756090829632000000,-9223372036854775808,0,9223372036854775807,0
1756090829632000000,-9223372036854775808,0,9223372036854775807,0
1756090829632000000,-9223372036854775808,0,9223372036854775807,0
1756090829632000000,-9223372036854775808,0,9223372036854775807,0
1756090829732000000,-9223372036854775808,0,9223372036854775807,0
1756090829732000000,-9223372036854775808,0,9223372036854775807,0
1756090829732000000,-9223372036854775808,0,9223372036854775807,0
1756090829732000000,-9223372036854775808,0,9223372036854775807,0
1756090830333000000,-9223372036854775808,0,9223372036854775807,0
1756090830333000000,-9223372036854775808,0,9223372036854775807,0
1756090830333000000,-9223372036854775808,0,9223372036854775807,0
1756090830333000000,-9223372036854775808,0,9223372036854775807,0
1756090830433000000,-9223372036854775808,0,9223372036854775807,0
1756090830433000000,-9223372036854775808,0,9223372036854775807,0
1756090830633000000,-9223372036854775808,0,9223372036854775807,0
1756090830633000000,-9223372036854775808,0,9223372036854775807,0
1756090830633000000,-9223372036854775808,0,9223372036854775807,0
1756090830633000000,-9223372036854775808,0,9223372036854775807,0
1756090830733000000,-9223372036854775808,0,9223372036854775807,0
1756090830733000000,-9223372036854775808,0,9223372036854775807,0
1756090830733000000,-9223372036854775808,0,9223372036854775807,0
1756090830733000000,-9223372036854775808,0,9223372036854775807,0
1756090830733000000,-9223372036854775808,0,9223372036854775807,0
1756090830833000000,-9223372036854775808,0,9223372036854775807,0
1756090830833000000,-9223372036854775808,0,9223372036854775807,0
1756090831233000000,-9223372036854775808,0,9223372036854775807,0
1756090831634000000,-9223372036854775808,0,9223372036854775807,0
1756090831734000000,-9223372036854775808,0,9223372036854775807,0
1756090831734000000,-9223372036854775808,0,9223372036854775807,0
1756090831734000000,-9223372036854775808,0,9223372036854775807,0
1756090831734000000,-9223372036854775808,0,9223372036854775807,0
1756090831834000000,-9223372036854775808,0,9223372036854775807,0
1756090831834000000,-9223372036854775808,0,9223372036854775807,0
1756090831834000000,-9223372036854775808,0,9223372036854775807,0
1756090831834000000,-9223372036854775808,0,9223372036854775807,0
1756090831934000000,-9223372036854775808,0,9223372036854775807,0
1756090831934000000,-9223372036854775808,0,9223372036854775807,0
1756090832034000000,-9223372036854775808,0,9223372036854775807,0
1756090832434000000,-9223372036854775808,0,9223372036854775807,0
1756090832534000000,-9223372036854775808,0,9223372036854775807,0
1756090832534000000,-9223372036854775808,0,9223372036854775807,0
1756090832534000000,-9223372036854775808,0,9223372036854775807,0
1756090832534000000,-9223372036854775808,0,9223372036854775807,0
1756090833135000000,-9223372036854775808,0,9223372036854775807,0
1756090833235000000,-9223372036854775808,0,9223372036854775807,0
1756090833235000000,-9223372036854775808,0,9223372036854775807,0
1756090833235000000,-9223372036854775808,0,9223372036854775807,0
1756090833335000000,-9223372036854775808,0,9223372036854775807,0
1756090833335000000,-9223372036854775808,0,9223372036854775807,0
1756090833335000000,-9223372036854775808,0,9223372036854775807,0
1756090833335000000,-9223372036854775808,0,9223372036854775807,0
1756090834235000000,-9223372036854775808,0,9223372036854775807,0
1756090834235000000,-9223372036854775808,0,9223372036854775807,0
1756090834235000000,-9223372036854775808,0,9223372036854775807,0
1756090834235000000,-9223372036854775808,0,9223372036854775807,0
1756090834235000000,-9223372036854775808,0,9223372036854775807,0
1756090834235000000,-9223372036854775808,0,9223372036854775807,0
1756090834235000000,-9223372036854775808,0,9223372036854775807,0
1756090834235000000,-9223372036854775808,0,9223372036854775807,0
1756090834235000000,-9223372036854775808,0,9223372036854775807,0
1756090834536000000,-9223372036854775808,0,9223372036854775807,0
1756090835236000000,-9223372036854775808,0,9223372036854775807,0
1756090835336000000,-9223372036854775808,0,9223372036854775807,0
1756090835837000000,-9223372036854775808,0,9223372036854775807,0
1756090835937000000,-9223372036854775808,0,9223372036854775807,0
1756090835937000000,-9223372036854775808,0,9223372036854775807,0
1756090835937000000,-9223372036854775808,0,9223372036854775807,0
1756090835937000000,-9223372036854775808,0,9223372036854775807,0
1756090835937000000,-9223372036854775808,0,9223372036854775807,0
1756090835937000000,-9223372036854775808,0,9223372036854775807,0
1756090836037000000,-9223372036854775808,0,9223372036854775807,0
1756090836037000000,-9223372036854775808,0,9223372036854775807,0
1756090836237000000,-9223372036854775808,0,9223372036854775807,0
1756090836237000000,-9223372036854775808,0,9223372036854775807,0
1756090836237000000,-9223372036854775808,0,9223372036854775807,0
1756090836237000000,-9223372036854775808,0,9223372036854775807,0
1756090836237000000,-9223372036854775808,0,9223372036854775807,0
1756090836237000000,-9223372036854775808,0,9223372036854775807,0
1756090836237000000,-9223372036854775808,0,9223372036854775807,0
1756090836337000000,-9223372036854775808,0,9223372036854775807,0
1756090836337000000,-9223372036854775808,0,9223372036854775807,0
1756090836337000000,-9223372036854775808,0,9223372036854775807,0
1756090836337000000,-9223372036854775808,0,9223372036854775807,0
1756090836537000000,-9223372036854775808,0,9223372036854775807,0
1756090836537000000,-9223372036854775808,0,9223372036854775807,0
1756090836537000000,-9223372036854775808,0,9223372036854775807,0
1756090836637000000,-9223372036854775808,0,9223372036854775807,0
1756090836637000000,-9223372036854775808,0,9223372036854775807,0
1756090836637000000,-9223372036854775808,0,9223372036854775807,0
1756090836737000000,-9223372036854775808,0,9223372036854775807,0
1756090836737000000,-9223372036854775808,0,9223372036854775807,0
1756090837538000000,-9223372036854775808,0,9223372036854775807,0
1756090837638000000,-9223372036854775808,0,9223372036854775807,0
1756090837738000000,-9223372036854775808,0,9223372036854775807,0
1756090837738000000,-9223372036854775808,0,9223372036854775807,0
1756090837738000000,-9223372036854775808,0,9223372036854775807,0
1756090837738000000,-9223372036854775808,0,9223372036854775807,0
1756090837738000000,-9223372036854775808,0,9223372036854775807,0
1756090838138000000,-9223372036854775808,0,9223372036854775807,0
1756090838138000000,-9223372036854775808,0,9223372036854775807,0
1756090838238000000,-9223372036854775808,0,9223372036854775807,0
1756090838739000000,-9223372036854775808,0,9223372036854775807,0
1756090838839000000,-9223372036854775808,0,9223372036854775807,0
1756090838839000000,-9223372036854775808,0,9223372036854775807,0
1756090839139000000,-9223372036854775808,0,9223372036854775807,0
1756090839139000000,-9223372036854775808,0,9223372036854775807,0
1756090839239000000,-9223372036854775808,0,9223372036854775807,0
1756090839239000000,-9223372036854775808,0,9223372036854775807,0
1756090839339000000,-9223372036854775808,0,9223372036854775807,0
1756090839339000000,-9223372036854775808,0,9223372036854775807,0
1756090839339000000,-9223372036854775808,0,9223372036854775807,0
1756090840140000000,-9223372036854775808,0,9223372036854775807,0
1756090840140000000,-9223372036854775808,0,9223372036854775807,0
1756090840140000000,-9223372036854775808,0,9223372036854775807,0
1756090840140000000,-9223372036854775808,0,9223372036854775807,0
1756090840140000000,-9223372036854775808,0,9223372036854775807,0
1756090840140000000,-9223372036854775808,0,9223372036854775807,0
1756090840140000000,-9223372036854775808,0,9223372036854775807,0
1756090840140000000,-9223372036854775808,0,9223372036854775807,0
1756090840140000000,-9223372036854775808,0,9223372036854775807,0
1756090840140000000,-9223372036854775808,0,9223372036854775807,0
1756090840140000000,-9223372036854775808,0,9223372036854775807,0
1756090840240000000,-9223372036854775808,0,9223372036854775807,0
1756090840240000000,-9223372036854775808,0,9223372036854775807,0
1756090840240000000,-9223372036854775808,0,9223372036854775807,0
1756090840240000000,-9223372036854775808,0,9223372036854775807,0
1756090840340000000,-9223372036854775808,0,9223372036854775807,0
1756090840340000000,-9223372036854775808,0,9223372036854775807,0
1756090840340000000,-9223372036854775808,0,9223372036854775807,0
1756090840340000000,-9223372036854775808,0,9223372036854775807,0
1756090840440000000,-9223372036854775808,0,9223372036854775807,0
1756090840440000000,-9223372036854775808,0,9223372036854775807,0
1756090841341000000,-9223372036854775808,0,9223372036854775807,0
1756090841341000000,-9223372036854775808,0,9223372036854775807,0
1756090841341000000,-9223372036854775808,0,9223372036854775807,0
1756090841341000000,-9223372036854775808,0,9223372036854775807,0
1756090841341000000,-9223372036854775808,0,9223372036854775807,0
1756090841441000000,-9223372036854775808,0,9223372036854775807,0
1756090841441000000,-9223372036854775808,0,9223372036854775807,0
1756090841441000000,-9223372036854775808,0,9223372036854775807,0
1756090841441000000,-9223372036854775808,0,9223372036854775807,0
1756090842141000000,-9223372036854775808,0,9223372036854775807,0
1756090842141000000,-9223372036854775808,0,9223372036854775807,0
1756090842241000000,-9223372036854775808,0,9223372036854775807,0
1756090842241000000,-9223372036854775808,0,9223372036854775807,0
1756090842341000000,-9223372036854775808,0,9223372036854775807,0
1756090842341000000,-9223372036854775808,0,9223372036854775807,0
1756090842341000000,-9223372036854775808,0,9223372036854775807,0
1756090842341000000,-9223372036854775808,0,9223372036854775807,0
1756090842441000000,-9223372036854775808,0,9223372036854775807,0
1756090842441000000,-9223372036854775808,0,9223372036854775807,0
1756090842441000000,-9223372036854775808,0,9223372036854775807,0
1756090842441000000,-9223372036854775808,0,9223372036854775807,0
1756090842642000000,-9223372036854775808,0,9223372036854775807,0
1756090842742000000,-9223372036854775808,0,9223372036854775807,0
1756090842942000000,-9223372036854775808,0,9223372036854775807,0
1756090842942000000,-9223372036854775808,0,9223372036854775807,0
1756090843042000000,-9223372036854775808,0,9223372036854775807,0
1756090843042000000,-9223372036854775808,0,9223372036854775807,0
1756090843042000000,-9223372036854775808,0,9223372036854775807,0
1756090844043000000,-9223372036854775808,0,9223372036854775807,0
1756090844143000000,-9223372036854775808,0,9223372036854775807,0
1756090844143000000,-9223372036854775808,0,9223372036854775807,0
1756090844143000000,-9223372036854775808,0,9223372036854775807,0
1756090844243000000,-9223372036854775808,0,9223372036854775807,0
1756090844243000000,-9223372036854775808,0,9223372036854775807,0
1756090844943000000,-9223372036854775808,0,9223372036854775807,0
1756090845143000000,-9223372036854775808,0,9223372036854775807,0
1756090845143000000,-9223372036854775808,0,9223372036854775807,0
1756090845143000000,-9223372036854775808,0,9223372036854775807,0
1756090845143000000,-9223372036854775808,0,9223372036854775807,0
1756090845143000000,-9223372036854775808,0,9223372036854775807,0
1756090845143000000,-9223372036854775808,0,9223372036854775807,0
1756090845143000000,-9223372036854775808,0,9223372036854775807,0
1756090845143000000,-9223372036854775808,0,9223372036854775807,0
1756090845243000000,-9223372036854775808,0,9223372036854775807,0
1756090845243000000,-9223372036854775808,0,9223372036854775807,0
1756090845744000000,-9223372036854775808,0,9223372036854775807,0
1756090846144000000,-9223372036854775808,0,9223372036854775807,0
1756090846244000000,-9223372036854775808,0,9223372036854775807,0
1756090846244000000,-9223372036854775808,0,9223372036854775807,0
1756090847145000000,-9223372036854775808,0,9223372036854775807,0
1756090847145000000,-9223372036854775808,0,9223372036854775807,0
1756090847245000000,-9223372036854775808,0,9223372036854775807,0
1756090847245000000,-9223372036854775808,0,9223372036854775807,0
1756090847245000000,-9223372036854775808,0,9223372036854775807,0
1756090847245000000,-9223372036854775808,0,9223372036854775807,0
1756090847245000000,-9223372036854775808,0,9223372036854775807,0
1756090847645000000,-9223372036854775808,0,9223372036854775807,0
1756090847745000000,-9223372036854775808,0,9223372036854775807,0
1756090848246000000,-9223372036854775808,0,9223372036854775807,0
1756090849046000000,-9223372036854775808,0,9223372036854775807,0
1756090849146000000,-9223372036854775808,0,9223372036854775807,0
1756090849146000000,-9223372036854775808,0,9223372036854775807,0
1756090850147000000,-9223372036854775808,0,9223372036854775807,0
1756090850247000000,-9223372036854775808,0,9223372036854775807,0
1756090850247000000,-9223372036854775808,0,9223372036854775807,0
1756090850247000000,-9223372036854775808,0,9223372036854775807,0
1756090850347000000,-9223372036854775808,0,9223372036854775807,0
1756090850347000000,-9223372036854775808,0,9223372036854775807,0
1756090850347000000,-9223372036854775808,0,9223372036854775807,0
1756090850447000000,-9223372036854775808,0,9223372036854775807,0
1756090850547000000,-9223372036854775808,0,9223372036854775807,0
1756090850547000000,-9223372036854775808,0,9223372036854775807,0
1756090851048000000,-9223372036854775808,0,9223372036854775807,0
1756090851048000000,-9223372036854775808,0,9223372036854775807,0
1756090851048000000,-9223372036854775808,0,9223372036854775807,0
1756090851048000000,-9223372036854775808,0,9223372036854775807,0
1756090851048000000,-9223372036854775808,0,9223372036854775807,0
1756090851048000000,-9223372036854775808,0,9223372036854775807,0
1756090851148000000,-9223372036854775808,0,9223372036854775807,0
1756090851148000000,-9223372036854775808,0,9223372036854775807,0
1756090851248000000,-9223372036854775808,0,9223372036854775807,0
1756090851248000000,-9223372036854775808,0,9223372036854775807,0
1756090851248000000,-9223372036854775808,0,9223372036854775807,0
1756090851348000000,-9223372036854775808,0,9223372036854775807,0
1756090851348000000,-9223372036854775808,0,9223372036854775807,0
1756090851348000000,-9223372036854775808,0,9223372036854775807,0
1756090851348000000,-9223372036854775808,0,9223372036854775807,0
1756090851348000000,-9223372036854775808,0,9223372036854775807,0
1756090851348000000,-9223372036854775808,0,9223372036854775807,0
1756090851348000000,-9223372036854775808,0,9223372036854775807,0
1756090851348000000,-9223372036854775808,0,9223372036854775807,0
1756090851348000000,-9223372036854775808,0,9223372036854775807,0
1756090851448000000,-9223372036854775808,0,9223372036854775807,0
1756090851448000000,-9223372036854775808,0,9223372036854775807,0
1756090851448000000,-9223372036854775808,0,9223372036854775807,0
1756090851448000000,-9223372036854775808,0,9223372036854775807,0
1756090851448000000,-9223372036854775808,0,9223372036854775807,0
1756090851548000000,-9223372036854775808,0,9223372036854775807,0
1756090851548000000,-9223372036854775808,0,9223372036854775807,0
1756090852449000000,-9223372036854775808,0,9223372036854775807,0
1756090852549000000,-9223372036854775808,0,9223372036854775807,0
1756090852549000000,-9223372036854775808,0,9223372036854775807,0
1756090852549000000,-9223372036854775808,0,9223372036854775807,0
1756090852549000000,-9223372036854775808,0,9223372036854775807,0
1756090852649000000,-9223372036854775808,0,9223372036854775807,0
1756090852649000000,-9223372036854775808,0,9223372036854775807,0
1756090853149000000,-9223372036854775808,0,9223372036854775807,0
1756090853149000000,-9223372036854775808,0,9223372036854775807,0
1756090853249000000,-9223372036854775808,0,9223372036854775807,0
1756090853249000000,-9223372036854775808,0,9223372036854775807,0
1756090853449000000,-9223372036854775808,0,9223372036854775807,0
1756090853549000000,-9223372036854775808,0,9223372036854775807,0
1756090853850000000,-9223372036854775808,0,9223372036854775807,0
1756090854350000000,-9223372036854775808,0,9223372036854775807,0
1756090854350000000,-9223372036854775808,0,9223372036854775807,0
1756090854450000000,-9223372036854775808,0,9223372036854775807,0
1756090854450000000,-9223372036854775808,0,9223372036854775807,0
1756090854650000000,-9223372036854775808,0,9223372036854775807,0
1756090855551000000,-9223372036854775808,0,9223372036854775807,0
1756090855651000000,-9223372036854775808,0,9223372036854775807,0
1756090856251000000,-9223372036854775808,0,9223372036854775807,0
1756090856251000000,-9223372036854775808,0,9223372036854775807,0
1756090856351000000,-9223372036854775808,0,9223372036854775807,0
1756090856351000000,-9223372036854775808,0,9223372036854775807,0
1756090856351000000,-9223372036854775808,0,9223372036854775807,0
1756090856452000000,-9223372036854775808,0,9223372036854775807,0
1756090856452000000,-9223372036854775808,0,9223372036854775807,0
1756090856652000000,-9223372036854775808,0,9223372036854775807,0
1756090856952000000,-9223372036854775808,0,9223372036854775807,0
1756090856952000000,-9223372036854775808,0,9223372036854775807,0
1756090856952000000,-9223372036854775808,0,9223372036854775807,0
1756090856952000000,-9223372036854775808,0,9223372036854775807,0
1756090857052000000,-9223372036854775808,0,9223372036854775807,0
1756090857152000000,-9223372036854775808,0,9223372036854775807,0
1756090857152000000,-9223372036854775808,0,9223372036854775807,0
1756090857152000000,-9223372036854775808,0,9223372036854775807,0
1756090857352000000,-9223372036854775808,0,9223372036854775807,0
1756090857452000000,-9223372036854775808,0,9223372036854775807,0
1756090857452000000,-9223372036854775808,0,9223372036854775807,0
1756090857452000000,-9223372036854775808,0,9223372036854775807,0
1756090857552000000,-9223372036854775808,0,9223372036854775807,0
1756090857552000000,-9223372036854775808,0,9223372036854775807,0
1756090858153000000,-9223372036854775808,0,9223372036854775807,0
1756090858153000000,-9223372036854775808,0,9223372036854775807,0
1756090858153000000,-9223372036854775808,0,9223372036854775807,0
1756090858253000000,-9223372036854775808,0,9223372036854775807,0
1756090858253000000,-9223372036854775808,0,9223372036854775807,0
1756090858253000000,-9223372036854775808,0,9223372036854775807,0
1756090858853000000,-9223372036854775808,0,9223372036854775807,0
1756090858853000000,-9223372036854775808,0,9223372036854775807,0
1756090858953000000,-9223372036854775808,0,9223372036854775807,0
1756090858953000000,-9223372036854775808,0,9223372036854775807,0
1756090858953000000,-9223372036854775808,0,9223372036854775807,0
1756090859053000000,-9223372036854775808,0,9223372036854775807,0
1756090859053000000,-9223372036854775808,0,9223372036854775807,0
1756090859354000000,-9223372036854775808,0,9223372036854775807,0
1756090859354000000,-9223372036854775808,0,9223372036854775807,0
1756090859954000000,-9223372036854775808,0,9223372036854775807,0
1756090860054000000,-9223372036854775808,0,9223372036854775807,0
1756090860054000000,-9223372036854775808,0,9223372036854775807,0
1756090860054000000,-9223372036854775808,0,9223372036854775807,0
1756090860154000000,-9223372036854775808,0,9223372036854775807,0
1756090860154000000,-9223372036854775808,0,9223372036854775807,0
1756090860555000000,-9223372036854775808,0,9223372036854775807,0
1756090860555000000,-9223372036854775808,0,9223372036854775807,0
1756090860555000000,-9223372036854775808,0,9223372036854775807,0
1756090860555000000,-9223372036854775808,0,9223372036854775807,0
1756090860555000000,-9223372036854775808,0,9223372036854775807,0
1756090860655000000,-9223372036854775808,0,9223372036854775807,0
1756090860655000000,-9223372036854775808,0,9223372036854775807,0
1756090860655000000,-9223372036854775808,0,9223372036854775807,0
1756090860655000000,-9223372036854775808,0,9223372036854775807,0
1756090860655000000,-9223372036854775808,0,9223372036854775807,0
1756090860755000000,-9223372036854775808,0,9223372036854775807,0
1756090860755000000,-9223372036854775808,0,9223372036854775807,0
1756090860855000000,-9223372036854775808,0,9223372036854775807,0
1756090860855000000,-9223372036854775808,0,9223372036854775807,0
1756090860855000000,-9223372036854775808,0,9223372036854775807,0
1756090860855000000,-9223372036854775808,0,9223372036854775807,0
1756090860955000000,-9223372036854775808,0,9223372036854775807,0
1756090860955000000,-9223372036854775808,0,9223372036854775807,0
1756090861555000000,-9223372036854775808,0,9223372036854775807,0
1756090861555000000,-9223372036854775808,0,9223372036854775807,0
1756090861655000000,-9223372036854775808,0,9223372036854775807,0
1756090861856000000,-9223372036854775808,0,9223372036854775807,0
1756090861956000000,-9223372036854775808,0,9223372036854775807,0
1756090861956000000,-9223372036854775808,0,9223372036854775807,0
1756090861956000000,-9223372036854775808,0,9223372036854775807,0
1756090862056000000,-9223372036854775808,0,9223372036854775807,0
1756090862056000000,-9223372036854775808,0,9223372036854775807,0
1756090862956000000,-9223372036854775808,0,9223372036854775807,0
1756090863056000000,-9223372036854775808,0,9223372036854775807,0
1756090863056000000,-9223372036854775808,0,9223372036854775807,0
1756090863056000000,-9223372036854775808,0,9223372036854775807,0
1756090863157000000,-9223372036854775808,0,9223372036854775807,0
1756090863157000000,-9223372036854775808,0,9223372036854775807,0
1756090863257000000,-9223372036854775808,0,9223372036854775807,0
1756090864057000000,-9223372036854775808,0,9223372036854775807,0
1756090864758000000,-9223372036854775808,0,9223372036854775807,0
1756090864858000000,-9223372036854775808,0,9223372036854775807,0
1756090864858000000,-9223372036854775808,0,9223372036854775807,0
1756090865330000000,-9223372036854775808,0,9223372036854775807,0
1756090865358000000,-9223372036854775808,0,9223372036854775807,0
1756090865758000000,-9223372036854775808,0,9223372036854775807,0
1756090865859000000,-9223372036854775808,0,9223372036854775807,0
1756090865859000000,-9223372036854775808,0,9223372036854775807,0
1756090865859000000,-9223372036854775808,0,9223372036854775807,0
1756090865859000000,-9223372036854775808,0,9223372036854775807,0
1756090865859000000,-9223372036854775808,0,9223372036854775807,0
1756090865959000000,-9223372036854775808,0,9223372036854775807,0
1756090865959000000,-9223372036854775808,0,9223372036854775807,0
1756090865959000000,-9223372036854775808,0,9223372036854775807,0
1756090865959000000,-9223372036854775808,0,9223372036854775807,0
1756090866259000000,-9223372036854775808,0,9223372036854775807,0
1756090866259000000,-9223372036854775808,0,9223372036854775807,0
1756090867159000000,-9223372036854775808,0,9223372036854775807,0
1756090867260000000,-9223372036854775808,0,9223372036854775807,0
1756090867260000000,-9223372036854775808,0,9223372036854775807,0
1756090867360000000,-9223372036854775808,0,9223372036854775807,0
1756090867360000000,-9223372036854775808,0,9223372036854775807,0
1756090867460000000,-9223372036854775808,0,9223372036854775807,0
1756090867460000000,-9223372036854775808,0,9223372036854775807,0
1756090867560000000,-9223372036854775808,0,9223372036854775807,0
1756090867560000000,-9223372036854775808,0,9223372036854775807,0
1756090867660000000,-9223372036854775808,0,9223372036854775807,0
1756090867660000000,-9223372036854775808,0,9223372036854775807,0
1756090867860000000,-9223372036854775808,0,9223372036854775807,0
1756090867860000000,-9223372036854775808,0,9223372036854775807,0
1756090867960000000,-9223372036854775808,0,9223372036854775807,0
1756090867960000000,-9223372036854775808,0,9223372036854775807,0
1756090867960000000,-9223372036854775808,0,9223372036854775807,0
1756090867960000000,-9223372036854775808,0,9223372036854775807,0
1756090867960000000,-9223372036854775808,0,9223372036854775807,0
1756090867960000000,-9223372036854775808,0,9223372036854775807,0
1756090868060000000,-9223372036854775808,0,9223372036854775807,0
1756090868060000000,-9223372036854775808,0,9223372036854775807,0
1756090868260000000,-9223372036854775808,0,9223372036854775807,0
1756090868861000000,-9223372036854775808,0,9223372036854775807,0
1756090869061000000,-9223372036854775808,0,9223372036854775807,0
1756090869061000000,-9223372036854775808,0,9223372036854775807,0
1756090869061000000,-9223372036854775808,0,9223372036854775807,0
1756090869061000000,-9223372036854775808,0,9223372036854775807,0
1756090869061000000,-9223372036854775808,0,9223372036854775807,0
1756090869061000000,-9223372036854775808,0,9223372036854775807,0
1756090869161000000,-9223372036854775808,0,9223372036854775807,0
1756090869161000000,-9223372036854775808,0,9223372036854775807,0
1756090869261000000,-9223372036854775808,0,9223372036854775807,0
1756090869261000000,-9223372036854775808,0,9223372036854775807,0
1756090869261000000,-9223372036854775808,0,9223372036854775807,0
1756090869661000000,-9223372036854775808,0,9223372036854775807,0
1756090869661000000,-9223372036854775808,0,9223372036854775807,0
1756090870662000000,-9223372036854775808,0,9223372036854775807,0
1756090870662000000,-9223372036854775808,0,9223372036854775807,0
1756090870662000000,-9223372036854775808,0,9223372036854775807,0
1756090870662000000,-9223372036854775808,0,9223372036854775807,0
1756090870662000000,-9223372036854775808,0,9223372036854775807,0
1756090870662000000,-9223372036854775808,0,9223372036854775807,0
1756090870962000000,-9223372036854775808,0,9223372036854775807,0
1756090871162000000,-9223372036854775808,0,9223372036854775807,0
1756090871663000000,-9223372036854775808,0,9223372036854775807,0
1756090872063000000,-9223372036854775808,0,9223372036854775807,0
1756090872163000000,-9223372036854775808,0,9223372036854775807,0
1756090872163000000,-9223372036854775808,0,9223372036854775807,0
1756090872163000000,-9223372036854775808,0,9223372036854775807,0
1756090872163000000,-9223372036854775808,0,9223372036854775807,0
1756090872163000000,-9223372036854775808,0,9223372036854775807,0
1756090872563000000,-9223372036854775808,0,9223372036854775807,0
1756090872563000000,-9223372036854775808,0,9223372036854775807,0
1756090872563000000,-9223372036854775808,0,9223372036854775807,0
1756090873164000000,-9223372036854775808,0,9223372036854775807,0
1756090873164000000,-9223372036854775808,0,9223372036854775807,0
1756090873164000000,-9223372036854775808,0,9223372036854775807,0
1756090873164000000,-9223372036854775808,0,9223372036854775807,0
1756090873164000000,-9223372036854775808,0,9223372036854775807,0
1756090873264000000,-9223372036854775808,0,9223372036854775807,0
1756090873264000000,-9223372036854775808,0,9223372036854775807,0
1756090873264000000,-9223372036854775808,0,9223372036854775807,0
1756090873264000000,-9223372036854775808,0,9223372036854775807,0
1756090873264000000,-9223372036854775808,0,9223372036854775807,0
1756090873264000000,-9223372036854775808,0,9223372036854775807,0
1756090873364000000,-9223372036854775808,0,9223372036854775807,0
1756090873364000000,-9223372036854775808,0,9223372036854775807,0
1756090873564000000,-9223372036854775808,0,9223372036854775807,0
1756090873564000000,-9223372036854775808,0,9223372036854775807,0
1756090873564000000,-9223372036854775808,0,9223372036854775807,0
1756090873664000000,-9223372036854775808,0,9223372036854775807,0
1756090873664000000,-9223372036854775808,0,9223372036854775807,0
1756090873664000000,-9223372036854775808,0,9223372036854775807,0
1756090873664000000,-9223372036854775808,0,9223372036854775807,0
1756090873764000000,-9223372036854775808,0,9223372036854775807,0
1756090873764000000,-9223372036854775808,0,9223372036854775807,0
1756090873864000000,-9223372036854775808,0,9223372036854775807,0
1756090873864000000,-9223372036854775808,0,9223372036854775807,0
1756090874665000000,-9223372036854775808,0,9223372036854775807,0
1756090874665000000,-9223372036854775808,0,9223372036854775807,0
1756090874765000000,-9223372036854775808,0,9223372036854775807,0
1756090874765000000,-9223372036854775808,0,9223372036854775807,0
1756090874765000000,-9223372036854775808,0,9223372036854775807,0
1756090874765000000,-9223372036854775808,0,9223372036854775807,0
1756090874765000000,-9223372036854775808,0,9223372036854775807,0
1756090874865000000,-9223372036854775808,0,9223372036854775807,0
1756090874865000000,-9223372036854775808,0,9223372036854775807,0
1756090874865000000,-9223372036854775808,0,9223372036854775807,0
1756090874865000000,-9223372036854775808,0,9223372036854775807,0
1756090875765000000,-9223372036854775808,0,9223372036854775807,0
1756090875765000000,-9223372036854775808,0,9223372036854775807,0
1756090875765000000,-9223372036854775808,0,9223372036854775807,0
1756090875765000000,-9223372036854775808,0,9223372036854775807,0
1756090875765000000,-9223372036854775808,0,9223372036854775807,0
1756090875866000000,-9223372036854775808,0,9223372036854775807,0
1756090875866000000,-9223372036854775808,0,9223372036854775807,0
1756090875866000000,-9223372036854775808,0,9223372036854775807,0
1756090875866000000,-9223372036854775808,0,9223372036854775807,0
1756090875966000000,-9223372036854775808,0,9223372036854775807,0
1756090875966000000,-9223372036854775808,0,9223372036854775807,0
1756090875966000000,-9223372036854775808,0,9223372036854775807,0
1756090875966000000,-9223372036854775808,0,9223372036854775807,0
1756090876066000000,-9223372036854775808,0,9223372036854775807,0
1756090876066000000,-9223372036854775808,0,9223372036854775807,0
1756090876166000000,-9223372036854775808,0,9223372036854775807,0
1756090876266000000,-9223372036854775808,0,9223372036854775807,0
1756090876266000000,-9223372036854775808,0,9223372036854775807,0
1756090876366000000,-9223372036854775808,0,9223372036854775807,0
1756090876366000000,-9223372036854775808,0,9223372036854775807,0
1756090876766000000,-9223372036854775808,0,9223372036854775807,0
1756090876766000000,-9223372036854775808,0,9223372036854775807,0
1756090876766000000,-9223372036854775808,0,9223372036854775807,0
1756090876766000000,-9223372036854775808,0,9223372036854775807,0
1756090876866000000,-9223372036854775808,0,9223372036854775807,0
1756090876866000000,-9223372036854775808,0,9223372036854775807,0
1756090876866000000,-9223372036854775808,0,9223372036854775807,0
1756090876866000000,-9223372036854775808,0,9223372036854775807,0
1756090877167000000,-9223372036854775808,0,9223372036854775807,0
1756090877767000000,-9223372036854775808,0,9223372036854775807,0
1756090877767000000,-9223372036854775808,0,9223372036854775807,0
1756090877767000000,-9223372036854775808,0,9223372036854775807,0
1756090877767000000,-9223372036854775808,0,9223372036854775807,0
1756090877767000000,-9223372036854775808,0,9223372036854775807,0
1756090877767000000,-9223372036854775808,0,9223372036854775807,0
1756090877867000000,-9223372036854775808,0,9223372036854775807,0
1756090877867000000,-9223372036854775808,0,9223372036854775807,0
1756090877867000000,-9223372036854775808,0,9223372036854775807,0
1756090877867000000,-9223372036854775808,0,9223372036854775807,0
1756090877967000000,-9223372036854775808,0,9223372036854775807,0
1756090878167000000,-9223372036854775808,0,9223372036854775807,0
1756090878267000000,-9223372036854775808,0,9223372036854775807,0
1756090878267000000,-9223372036854775808,0,9223372036854775807,0
1756090878568000000,-9223372036854775808,0,9223372036854775807,0
1756090878768000000,-9223372036854775808,0,9223372036854775807,0
1756090878768000000,-9223372036854775808,0,9223372036854775807,0
1756090878768000000,-9223372036854775808,0,9223372036854775807,0
1756090878868000000,-9223372036854775808,0,9223372036854775807,0
1756090878868000000,-9223372036854775808,0,9223372036854775807,0
1756090878868000000,-9223372036854775808,0,9223372036854775807,0
1756090878868000000,-9223372036854775808,0,9223372036854775807,0
1756090879769000000,-9223372036854775808,0,9223372036854775807,0
1756090879769000000,-9223372036854775808,0,9223372036854775807,0
1756090879769000000,-9223372036854775808,0,9223372036854775807,0
1756090879769000000,-9223372036854775808,0,9223372036854775807,0
1756090879869000000,-9223372036854775808,0,9223372036854775807,0
1756090879869000000,-9223372036854775808,0,9223372036854775807,0
1756090879869000000,-9223372036854775808,0,9223372036854775807,0
1756090879869000000,-9223372036854775808,0,9223372036854775807,0
1756090880169000000,-9223372036854775808,0,9223372036854775807,0
1756090880169000000,-9223372036854775808,0,9223372036854775807,0
1756090880369000000,-9223372036854775808,0,9223372036854775807,0
1756090880469000000,-9223372036854775808,0,9223372036854775807,0
1756090880569000000,-9223372036854775808,0,9223372036854775807,0
1756090880569000000,-9223372036854775808,0,9223372036854775807,0
1756090880769000000,-9223372036854775808,0,9223372036854775807,0
1756090880769000000,-9223372036854775808,0,9223372036854775807,0
1756090880769000000,-9223372036854775808,0,9223372036854775807,0
1756090880769000000,-9223372036854775808,0,9223372036854775807,0
1756090880869000000,-9223372036854775808,0,9223372036854775807,0
1756090880869000000,-9223372036854775808,0,9223372036854775807,0
1756090880869000000,-9223372036854775808,0,9223372036854775807,0
1756090880869000000,-9223372036854775808,0,9223372036854775807,0
1756090880869000000,-9223372036854775808,0,9223372036854775807,0
1756090880869000000,-9223372036854775808,0,9223372036854775807,0
1756090881170000000,-9223372036854775808,0,9223372036854775807,0
1756090881170000000,-9223372036854775808,0,9223372036854775807,0
1756090881270000000,-9223372036854775808,0,9223372036854775807,0
1756090881270000000,-9223372036854775808,0,9223372036854775807,0
1756090881770000000,-9223372036854775808,0,9223372036854775807,0
1756090881770000000,-9223372036854775808,0,9223372036854775807,0
1756090881770000000,-9223372036854775808,0,9223372036854775807,0
1756090881870000000,-9223372036854775808,0,9223372036854775807,0
1756090881870000000,-9223372036854775808,0,9223372036854775807,0
1756090882270000000,-9223372036854775808,0,9223372036854775807,0
1756090882270000000,-9223372036854775808,0,9223372036854775807,0
1756090882270000000,-9223372036854775808,0,9223372036854775807,0
1756090882270000000,-9223372036854775808,0,9223372036854775807,0
1756090882370000000,-9223372036854775808,0,9223372036854775807,0
1756090882370000000,-9223372036854775808,0,9223372036854775807,0
1756090882471000000,-9223372036854775808,0,9223372036854775807,0
1756090882471000000,-9223372036854775808,0,9223372036854775807,0
1756090882571000000,-9223372036854775808,0,9223372036854775807,0
1756090882571000000,-9223372036854775808,0,9223372036854775807,0
1756090882571000000,-9223372036854775808,0,9223372036854775807,0
1756090882571000000,-9223372036854775808,0,9223372036854775807,0
1756090882571000000,-9223372036854775808,0,9223372036854775807,0
1756090882571000000,-9223372036854775808,0,9223372036854775807,0
1756090882671000000,-9223372036854775808,0,9223372036854775807,0
1756090882671000000,-9223372036854775808,0,9223372036854775807,0
1756090883171000000,-9223372036854775808,0,9223372036854775807,0
1756090883171000000,-9223372036854775808,0,9223372036854775807,0
1756090883271000000,-9223372036854775808,0,9223372036854775807,0
1756090883571000000,-9223372036854775808,0,9223372036854775807,0
1756090883571000000,-9223372036854775808,0,9223372036854775807,0
1756090883571000000,-9223372036854775808,0,9223372036854775807,0
1756090883571000000,-9223372036854775808,0,9223372036854775807,0
1756090883571000000,-9223372036854775808,0,9223372036854775807,0
1756090883671000000,-9223372036854775808,0,9223372036854775807,0
1756090883671000000,-9223372036854775808,0,9223372036854775807,0
1756090883671000000,-9223372036854775808,0,9223372036854775807,0
1756090883671000000,-9223372036854775808,0,9223372036854775807,0
1756090884072000000,-9223372036854775808,0,9223372036854775807,0
1756090884172000000,-9223372036854775808,0,9223372036854775807,0
1756090884272000000,-9223372036854775808,0,9223372036854775807,0
1756090884272000000,-9223372036854775808,0,9223372036854775807,0
1756090884472000000,-9223372036854775808,0,9223372036854775807,0
1756090884572000000,-9223372036854775808,0,9223372036854775807,0
1756090884572000000,-9223372036854775808,0,9223372036854775807,0
1756090884572000000,-9223372036854775808,0,9223372036854775807,0
1756090884672000000,-9223372036854775808,0,9223372036854775807,0
1756090884672000000,-9223372036854775808,0,9223372036854775807,0
1756090885173000000,-9223372036854775808,0,9223372036854775807,0
1756090885373000000,-9223372036854775808,0,9223372036854775807,0
1756090885373000000,-9223372036854775808,0,9223372036854775807,0
1756090885373000000,-9223372036854775808,0,9223372036854775807,0
1756090885473000000,-9223372036854775808,0,9223372036854775807,0
1756090885473000000,-9223372036854775808,0,9223372036854775807,0
1756090885473000000,-9223372036854775808,0,9223372036854775807,0
1756090885473000000,-9223372036854775808,0,9223372036854775807,0
1756090886173000000,-9223372036854775808,0,9223372036854775807,0
1756090886173000000,-9223372036854775808,0,9223372036854775807,0
1756090886173000000,-9223372036854775808,0,9223372036854775807,0
1756090886173000000,-9223372036854775808,0,9223372036854775807,0
1756090886273000000,-9223372036854775808,0,9223372036854775807,0
1756090886273000000,-9223372036854775808,0,9223372036854775807,0
1756090886273000000,-9223372036854775808,0,9223372036854775807,0
1756090886273000000,-9223372036854775808,0,9223372036854775807,0
1756090886373000000,-9223372036854775808,0,9223372036854775807,0
1756090886373000000,-9223372036854775808,0,9223372036854775807,0
1756090886373000000,-9223372036854775808,0,9223372036854775807,0
1756090886473000000,-9223372036854775808,0,9223372036854775807,0
1756090886473000000,-9223372036854775808,0,9223372036854775807,0
1756090886473000000,-9223372036854775808,0,9223372036854775807,0
1756090886573000000,-9223372036854775808,0,9223372036854775807,0
1756090886573000000,-9223372036854775808,0,9223372036854775807,0
1756090886573000000,-9223372036854775808,0,9223372036854775807,0
1756090886573000000,-9223372036854775808,0,9223372036854775807,0
1756090886573000000,-9223372036854775808,0,9223372036854775807,0
1756090886674000000,-9223372036854775808,0,9223372036854775807,0
1756090886674000000,-9223372036854775808,0,9223372036854775807,0
1756090887374000000,-9223372036854775808,0,9223372036854775807,0
1756090887374000000,-9223372036854775808,0,9223372036854775807,0
1756090887374000000,-9223372036854775808,0,9223372036854775807,0
1756090887374000000,-9223372036854775808,0,9223372036854775807,0
1756090887474000000,-9223372036854775808,0,9223372036854775807,0
1756090887474000000,-9223372036854775808,0,9223372036854775807,0
1756090887474000000,-9223372036854775808,0,9223372036854775807,0
1756090887474000000,-9223372036854775808,0,9223372036854775807,0
1756090887474000000,-9223372036854775808,0,9223372036854775807,0
1756090887474000000,-9223372036854775808,0,9223372036854775807,0
1756090887474000000,-9223372036854775808,0,9223372036854775807,0
1756090887474000000,-9223372036854775808,0,9223372036854775807,0
1756090887574000000,-9223372036854775808,0,9223372036854775807,0
1756090887574000000,-9223372036854775808,0,9223372036854775807,0
1756090888175000000,-9223372036854775808,0,9223372036854775807,0
1756090888375000000,-9223372036854775808,0,9223372036854775807,0
1756090888375000000,-9223372036854775808,0,9223372036854775807,0
1756090888375000000,-9223372036854775808,0,9223372036854775807,0
1756090888375000000,-9223372036854775808,0,9223372036854775807,0
1756090888475000000,-9223372036854775808,0,9223372036854775807,0
1756090888475000000,-9223372036854775808,0,9223372036854775807,0
1756090888475000000,-9223372036854775808,0,9223372036854775807,0
1756090888475000000,-9223372036854775808,0,9223372036854775807,0
1756090888475000000,-9223372036854775808,0,9223372036854775807,0
1756090888775000000,-9223372036854775808,0,9223372036854775807,0
1756090888875000000,-9223372036854775808,0,9223372036854775807,0
1756090888975000000,-9223372036854775808,0,9223372036854775807,0
1756090888975000000,-9223372036854775808,0,9223372036854775807,0
1756090889375000000,-9223372036854775808,0,9223372036854775807,0
1756090889375000000,-9223372036854775808,0,9223372036854775807,0
1756090889375000000,-9223372036854775808,0,9223372036854775807,0
1756090889375000000,-9223372036854775808,0,9223372036854775807,0
1756090889476000000,-9223372036854775808,0,9223372036854775807,0
1756090889476000000,-9223372036854775808,0,9223372036854775807,0
1756090890176000000,-9223372036854775808,0,9223372036854775807,0
1756090890276000000,-9223372036854775808,0,9223372036854775807,0
1756090890276000000,-9223372036854775808,0,9223372036854775807,0
1756090890476000000,-9223372036854775808,0,9223372036854775807,0
1756090890476000000,-9223372036854775808,0,9223372036854775807,0
1756090890476000000,-9223372036854775808,0,9223372036854775807,0
1756090890476000000,-9223372036854775808,0,9223372036854775807,0
1756090890576000000,-9223372036854775808,0,9223372036854775807,0
1756090890576000000,-9223372036854775808,0,9223372036854775807,0
1756090890576000000,-9223372036854775808,0,9223372036854775807,0
1756090890576000000,-9223372036854775808,0,9223372036854775807,0
1756090891277000000,-9223372036854775808,0,9223372036854775807,0
1756090891477000000,-9223372036854775808,0,9223372036854775807,0
1756090891477000000,-9223372036854775808,0,9223372036854775807,0
1756090891477000000,-9223372036854775808,0,9223372036854775807,0
1756090891477000000,-9223372036854775808,0,9223372036854775807,0
1756090891577000000,-9223372036854775808,0,9223372036854775807,0
1756090891577000000,-9223372036854775808,0,9223372036854775807,0
1756090891577000000,-9223372036854775808,0,9223372036854775807,0
1756090891577000000,-9223372036854775808,0,9223372036854775807,0
1756090892178000000,-9223372036854775808,0,9223372036854775807,0
1756090892178000000,-9223372036854775808,0,9223372036854775807,0
1756090892478000000,-9223372036854775808,0,9223372036854775807,0
1756090892478000000,-9223372036854775808,0,9223372036854775807,0
1756090892478000000,-9223372036854775808,0,9223372036854775807,0
1756090892478000000,-9223372036854775808,0,9223372036854775807,0
1756090892478000000,-9223372036854775808,0,9223372036854775807,0
1756090892478000000,-9223372036854775808,0,9223372036854775807,0
1756090892478000000,-9223372036854775808,0,9223372036854775807,0
1756090892478000000,-9223372036854775808,0,9223372036854775807,0
1756090892578000000,-9223372036854775808,0,9223372036854775807,0
1756090892578000000,-9223372036854775808,0,9223372036854775807,0
1756090892578000000,-9223372036854775808,0,9223372036854775807,0
1756090892578000000,-9223372036854775808,0,9223372036854775807,0
1756090892578000000,-9223372036854775808,0,9223372036854775807,0
1756090892578000000,-9223372036854775808,0,9223372036854775807,0
1756090892878000000,-9223372036854775808,0,9223372036854775807,0
1756090892978000000,-9223372036854775808,0,9223372036854775807,0
1756090893078000000,-9223372036854775808,0,9223372036854775807,0
1756090893078000000,-9223372036854775808,0,9223372036854775807,0
1756090893178000000,-9223372036854775808,0,9223372036854775807,0
1756090893478000000,-9223372036854775808,0,9223372036854775807,0
1756090893478000000,-9223372036854775808,0,9223372036854775807,0
1756090893478000000,-9223372036854775808,0,9223372036854775807,0
1756090893478000000,-9223372036854775808,0,9223372036854775807,0
1756090893579000000,-9223372036854775808,0,9223372036854775807,0
1756090893579000000,-9223372036854775808,0,9223372036854775807,0
1756090893579000000,-9223372036854775808,0,9223372036854775807,0
1756090893579000000,-9223372036854775808,0,9223372036854775807,0
1756090893979000000,-9223372036854775808,0,9223372036854775807,0
1756090894179000000,-9223372036854775808,0,9223372036854775807,0
1756090894179000000,-9223372036854775808,0,9223372036854775807,0
1756090894279000000,-9223372036854775808,0,9223372036854775807,0
1756090894279000000,-9223372036854775808,0,9223372036854775807,0
1756090894479000000,-9223372036854775808,0,9223372036854775807,0
1756090894479000000,-9223372036854775808,0,9223372036854775807,0
1756090894479000000,-9223372036854775808,0,9223372036854775807,0
1756090894479000000,-9223372036854775808,0,9223372036854775807,0
1756090894579000000,-9223372036854775808,0,9223372036854775807,0
1756090894579000000,-9223372036854775808,0,9223372036854775807,0
1756090895480000000,-9223372036854775808,0,9223372036854775807,0
1756090895480000000,-9223372036854775808,0,9223372036854775807,0
1756090895480000000,-9223372036854775808,0,9223372036854775807,0
1756090895580000000,-9223372036854775808,0,9223372036854775807,0
1756090895580000000,-9223372036854775808,0,9223372036854775807,0
1756090895580000000,-9223372036854775808,0,9223372036854775807,0
1756090895580000000,-9223372036854775808,0,9223372036854775807,0
1756090896180000000,-9223372036854775808,0,9223372036854775807,0
1756090896481000000,-9223372036854775808,0,9223372036854775807,0
1756090896481000000,-9223372036854775808,0,9223372036854775807,0
1756090896481000000,-9223372036854775808,0,9223372036854775807,0
1756090896481000000,-9223372036854775808,0,9223372036854775807,0
1756090896581000000,-9223372036854775808,0,9223372036854775807,0
1756090896581000000,-9223372036854775808,0,9223372036854775807,0
1756090896581000000,-9223372036854775808,0,9223372036854775807,0
1756090896581000000,-9223372036854775808,0,9223372036854775807,0
1756090896581000000,-9223372036854775808,0,9223372036854775807,0
1756090896681000000,-9223372036854775808,0,9223372036854775807,0
1756090896781000000,-9223372036854775808,0,9223372036854775807,0
1756090896781000000,-9223372036854775808,0,9223372036854775807,0
1756090897081000000,-9223372036854775808,0,9223372036854775807,0
1756090897181000000,-9223372036854775808,0,9223372036854775807,0
1756090897281000000,-9223372036854775808,0,9223372036854775807,0
1756090897281000000,-9223372036854775808,0,9223372036854775807,0
1756090897481000000,-9223372036854775808,0,9223372036854775807,0
1756090897481000000,-9223372036854775808,0,9223372036854775807,0
1756090897682000000,-9223372036854775808,0,9223372036854775807,0
1756090897682000000,-9223372036854775808,0,9223372036854775807,0
1756090897682000000,-9223372036854775808,0,9223372036854775807,0
1756090898182000000,-9223372036854775808,0,9223372036854775807,0
1756090898382000000,-9223372036854775808,0,9223372036854775807,0
1756090898382000000,-9223372036854775808,0,9223372036854775807,0
1756090898382000000,-9223372036854775808,0,9223372036854775807,0
1756090898382000000,-9223372036854775808,0,9223372036854775807,0
1756090898382000000,-9223372036854775808,0,9223372036854775807,0
1756090898482000000,-9223372036854775808,0,9223372036854775807,0
1756090898482000000,-9223372036854775808,0,9223372036854775807,0
1756090898482000000,-9223372036854775808,0,9223372036854775807,0
1756090898682000000,-9223372036854775808,0,9223372036854775807,0
1756090898782000000,-9223372036854775808,0,9223372036854775807,0
1756090898782000000,-9223372036854775808,0,9223372036854775807,0
1756090899183000000,-9223372036854775808,0,9223372036854775807,0
1756090899183000000,-9223372036854775808,0,9223372036854775807,0
1756090899683000000,-9223372036854775808,0,9223372036854775807,0
1756090899783000000,-9223372036854775808,0,9223372036854775807,0
1756090899783000000,-9223372036854775808,0,9223372036854775807,0
1756090899883000000,-9223372036854775808,0,9223372036854775807,0
1756090899883000000,-9223372036854775808,0,9223372036854775807,0
1756090900183000000,-9223372036854775808,0,9223372036854775807,0
1756090900183000000,-9223372036854775808,0,9223372036854775807,0
1756090900183000000,-9223372036854775808,0,9223372036854775807,0
1756090900283000000,-9223372036854775808,0,9223372036854775807,0
1756090900283000000,-9223372036854775808,0,9223372036854775807,0
1756090900283000000,-9223372036854775808,0,9223372036854775807,0
1756090900383000000,-9223372036854775808,0,9223372036854775807,0
1756090900383000000,-9223372036854775808,0,9223372036854775807,0
1756090900484000000,-9223372036854775808,0,9223372036854775807,0
1756090900484000000,-9223372036854775808,0,9223372036854775807,0
1756090900584000000,-9223372036854775808,0,9223372036854775807,0
1756090900684000000,-9223372036854775808,0,9223372036854775807,0
1756090901284000000,-9223372036854775808,0,9223372036854775807,0
1756090901384000000,-9223372036854775808,0,9223372036854775807,0
1756090901384000000,-9223372036854775808,0,9223372036854775807,0
1756090901384000000,-9223372036854775808,0,9223372036854775807,0
1756090901384000000,-9223372036854775808,0,9223372036854775807,0
1756090901484000000,-9223372036854775808,0,9223372036854775807,0
1756090901484000000,-9223372036854775808,0,9223372036854775807,0
1756090901484000000,-9223372036854775808,0,9223372036854775807,0
1756090901484000000,-9223372036854775808,0,9223372036854775807,0
1756090901885000000,-9223372036854775808,0,9223372036854775807,0
1756090901885000000,-9223372036854775808,0,9223372036854775807,0
1756090901885000000,-9223372036854775808,0,9223372036854775807,0
1756090901985000000,-9223372036854775808,0,9223372036854775807,0
1756090901985000000,-9223372036854775808,0,9223372036854775807,0
1756090901985000000,-9223372036854775808,0,9223372036854775807,0
1756090902185000000,-9223372036854775808,0,9223372036854775807,0
1756090902285000000,-9223372036854775808,0,9223372036854775807,0
1756090902285000000,-9223372036854775808,0,9223372036854775807,0
1756090902685000000,-9223372036854775808,0,9223372036854775807,0
1756090902885000000,-9223372036854775808,0,9223372036854775807,0
1756090902885000000,-9223372036854775808,0,9223372036854775807,0
1756090902885000000,-9223372036854775808,0,9223372036854775807,0
1756090902885000000,-9223372036854775808,0,9223372036854775807,0
1756090902885000000,-9223372036854775808,0,9223372036854775807,0
1756090902985000000,-9223372036854775808,0,9223372036854775807,0
1756090902985000000,-9223372036854775808,0,9223372036854775807,0
1756090902985000000,-9223372036854775808,0,9223372036854775807,0
1756090902985000000,-9223372036854775808,0,9223372036854775807,0
1756090902985000000,-9223372036854775808,0,9223372036854775807,0
1756090903786000000,-9223372036854775808,0,9223372036854775807,0
1756090903886000000,-9223372036854775808,0,9223372036854775807,0
1756090903886000000,-9223372036854775808,0,9223372036854775807,0
1756090903886000000,-9223372036854775808,0,9223372036854775807,0
1756090903986000000,-9223372036854775808,0,9223372036854775807,0
1756090903986000000,-9223372036854775808,0,9223372036854775807,0
1756090903986000000,-9223372036854775808,0,9223372036854775807,0
1756090903986000000,-9223372036854775808,0,9223372036854775807,0
1756090904286000000,-9223372036854775808,0,9223372036854775807,0
1756090904286000000,-9223372036854775808,0,9223372036854775807,0
1756090904286000000,-9223372036854775808,0,9223372036854775807,0
1756090904386000000,-9223372036854775808,0,9223372036854775807,0
1756090904386000000,-9223372036854775808,0,9223372036854775807,0
1756090904487000000,-9223372036854775808,0,9223372036854775807,0
1756090904487000000,-9223372036854775808,0,9223372036854775807,0
1756090904787000000,-9223372036854775808,0,9223372036854775807,0
1756090904887000000,-9223372036854775808,0,9223372036854775807,0
1756090904887000000,-9223372036854775808,0,9223372036854775807,0
1756090904887000000,-9223372036854775808,0,9223372036854775807,0
1756090905187000000,-9223372036854775808,0,9223372036854775807,0
1756090905487000000,-9223372036854775808,0,9223372036854775807,0
1756090905587000000,-9223372036854775808,0,9223372036854775807,0
1756090905587000000,-9223372036854775808,0,9223372036854775807,0
1756090905587000000,-9223372036854775808,0,9223372036854775807,0
1756090905687000000,-9223372036854775808,0,9223372036854775807,0
1756090905687000000,-9223372036854775808,0,9223372036854775807,0
1756090906588000000,-9223372036854775808,0,9223372036854775807,0
1756090906588000000,-9223372036854775808,0,9223372036854775807,0
1756090906588000000,-9223372036854775808,0,9223372036854775807,0
1756090906688000000,-9223372036854775808,0,9223372036854775807,0
1756090906688000000,-9223372036854775808,0,9223372036854775807,0
1756090907189000000,-9223372036854775808,0,9223372036854775807,0
1756090907289000000,-9223372036854775808,0,9223372036854775807,0
1756090907289000000,-9223372036854775808,0,9223372036854775807,0
1756090907489000000,-9223372036854775808,0,9223372036854775807,0
1756090907589000000,-9223372036854775808,0,9223372036854775807,0
1756090907589000000,-9223372036854775808,0,9223372036854775807,0
1756090907589000000,-9223372036854775808,0,9223372036854775807,0
1756090907589000000,-9223372036854775808,0,9223372036854775807,0
1756090907689000000,-9223372036854775808,0,9223372036854775807,0
1756090907689000000,-9223372036854775808,0,9223372036854775807,0
1756090907689000000,-9223372036854775808,0,9223372036854775807,0
1756090907689000000,-9223372036854775808,0,9223372036854775807,0
1756090907889000000,-9223372036854775808,0,9223372036854775807,0
1756090907889000000,-9223372036854775808,0,9223372036854775807,0
1756090908089000000,-9223372036854775808,0,9223372036854775807,0
1756090908189000000,-9223372036854775808,0,9223372036854775807,0
1756090908189000000,-9223372036854775808,0,9223372036854775807,0
1756090908189000000,-9223372036854775808,0,9223372036854775807,0
1756090908289000000,-9223372036854775808,0,9223372036854775807,0
1756090908289000000,-9223372036854775808,0,9223372036854775807,0
1756090908590000000,-9223372036854775808,0,9223372036854775807,0
1756090909090000000,-9223372036854775808,0,9223372036854775807,0
1756090909090000000,-9223372036854775808,0,9223372036854775807,0
1756090909090000000,-9223372036854775808,0,9223372036854775807,0
1756090909090000000,-9223372036854775808,0,9223372036854775807,0
1756090909190000000,-9223372036854775808,0,9223372036854775807,0
1756090909190000000,-9223372036854775808,0,9223372036854775807,0
1756090909590000000,-9223372036854775808,0,9223372036854775807,0
1756090909690000000,-9223372036854775808,0,9223372036854775807,0
1756090909790000000,-9223372036854775808,0,9223372036854775807,0
1756090909790000000,-9223372036854775808,0,9223372036854775807,0
1756090910091000000,-9223372036854775808,0,9223372036854775807,0
1756090910091000000,-9223372036854775808,0,9223372036854775807,0
1756090910091000000,-9223372036854775808,0,9223372036854775807,0
1756090910191000000,-9223372036854775808,0,9223372036854775807,0
1756090910191000000,-9223372036854775808,0,9223372036854775807,0
1756090910191000000,-9223372036854775808,0,9223372036854775807,0
1756090910191000000,-9223372036854775808,0,9223372036854775807,0
1756090910291000000,-9223372036854775808,0,9223372036854775807,0
1756090910291000000,-9223372036854775808,0,9223372036854775807,0
1756090910291000000,-9223372036854775808,0,9223372036854775807,0
1756090910291000000,-9223372036854775808,0,9223372036854775807,0
1756090910291000000,-9223372036854775808,0,9223372036854775807,0
1756090910291000000,-9223372036854775808,0,9223372036854775807,0
1756090910391000000,-9223372036854775808,0,9223372036854775807,0
1756090910391000000,-9223372036854775808,0,9223372036854775807,0
1756090910491000000,-9223372036854775808,0,9223372036854775807,0
1756090911091000000,-9223372036854775808,0,9223372036854775807,0
1756090911091000000,-9223372036854775808,0,9223372036854775807,0
1756090911091000000,-9223372036854775808,0,9223372036854775807,0
1756090911191000000,-9223372036854775808,0,9223372036854775807,0
1756090911191000000,-9223372036854775808,0,9223372036854775807,0
1756090911191000000,-9223372036854775808,0,9223372036854775807,0
1756090911191000000,-9223372036854775808,0,9223372036854775807,0
1756090912192000000,-9223372036854775808,0,9223372036854775807,0
1756090912192000000,-9223372036854775808,0,9223372036854775807,0
1756090912192000000,-9223372036854775808,0,9223372036854775807,0
1756090912192000000,-9223372036854775808,0,9223372036854775807,0
1756090912292000000,-9223372036854775808,0,9223372036854775807,0
1756090912292000000,-9223372036854775808,0,9223372036854775807,0
1756090912292000000,-9223372036854775808,0,9223372036854775807,0
1756090912292000000,-9223372036854775808,0,9223372036854775807,0
1756090913093000000,-9223372036854775808,0,9223372036854775807,0
1756090913193000000,-9223372036854775808,0,9223372036854775807,0
1756090913193000000,-9223372036854775808,0,9223372036854775807,0
1756090913193000000,-9223372036854775808,0,9223372036854775807,0
1756090913293000000,-9223372036854775808,0,9223372036854775807,0
1756090913293000000,-9223372036854775808,0,9223372036854775807,0
1756090913293000000,-9223372036854775808,0,9223372036854775807,0
1756090913293000000,-9223372036854775808,0,9223372036854775807,0
1756090913893000000,-9223372036854775808,0,9223372036854775807,0
1756090913993000000,-9223372036854775808,0,9223372036854775807,0
1756090914094000000,-9223372036854775808,0,9223372036854775807,0
1756090914094000000,-9223372036854775808,0,9223372036854775807,0
1756090914194000000,-9223372036854775808,0,9223372036854775807,0
1756090914194000000,-9223372036854775808,0,9223372036854775807,0
1756090914194000000,-9223372036854775808,0,9223372036854775807,0
1756090914194000000,-9223372036854775808,0,9223372036854775807,0
1756090914194000000,-9223372036854775808,0,9223372036854775807,0
1756090914294000000,-9223372036854775808,0,9223372036854775807,0
1756090914294000000,-9223372036854775808,0,9223372036854775807,0
1756090914294000000,-9223372036854775808,0,9223372036854775807,0
1756090914294000000,-9223372036854775808,0,9223372036854775807,0
1756090914794000000,-9223372036854775808,0,9223372036854775807,0
1756090914794000000,-9223372036854775808,0,9223372036854775807,0
1756090915294000000,-9223372036854775808,0,9223372036854775807,0
1756090915294000000,-9223372036854775808,0,9223372036854775807,0
1756090915395000000,-9223372036854775808,0,9223372036854775807,0
1756090915395000000,-9223372036854775808,0,9223372036854775807,0
1756090915595000000,-9223372036854775808,0,9223372036854775807,0
1756090916095000000,-9223372036854775808,0,9223372036854775807,0
1756090916195000000,-9223372036854775808,0,9223372036854775807,0
1756090916195000000,-9223372036854775808,0,9223372036854775807,0
1756090916195000000,-9223372036854775808,0,9223372036854775807,0
1756090916195000000,-9223372036854775808,0,9223372036854775807,0
1756090916195000000,-9223372036854775808,0,9223372036854775807,0
1756090916195000000,-9223372036854775808,0,9223372036854775807,0
1756090916195000000,-9223372036854775808,0,9223372036854775807,0
1756090916195000000,-9223372036854775808,0,9223372036854775807,0
1756090916266000000,-9223372036854775808,0,9223372036854775807,0
1756090916295000000,-9223372036854775808,0,9223372036854775807,0
1756090916295000000,-9223372036854775808,0,9223372036854775807,0
1756090916295000000,-9223372036854775808,0,9223372036854775807,0
1756090916295000000,-9223372036854775808,0,9223372036854775807,0
1756090916295000000,-9223372036854775808,0,9223372036854775807,0
1756090916295000000,-9223372036854775808,0,9223372036854775807,0
1756090916395000000,-9223372036854775808,0,9223372036854775807,0
1756090916395000000,-9223372036854775808,0,9223372036854775807,0
1756090916495000000,-9223372036854775808,0,9223372036854775807,0
1756090916996000000,-9223372036854775808,0,9223372036854775807,0
1756090917096000000,-9223372036854775808,0,9223372036854775807,0
1756090917196000000,-9223372036854775808,0,9223372036854775807,0
1756090917196000000,-9223372036854775808,0,9223372036854775807,0
1756090917196000000,-9223372036854775808,0,9223372036854775807,0
1756090917296000000,-9223372036854775808,0,9223372036854775807,0
1756090917296000000,-9223372036854775808,0,9223372036854775807,0
1756090917296000000,-9223372036854775808,0,9223372036854775807,0
1756090917296000000,-9223372036854775808,0,9223372036854775807,0
1756090917396000000,-9223372036854775808,0,9223372036854775807,0
1756090917396000000,-9223372036854775808,0,9223372036854775807,0
1756090917396000000,-9223372036854775808,0,9223372036854775807,0
1756090917396000000,-9223372036854775808,0,9223372036854775807,0
1756090917996000000,-9223372036854775808,0,9223372036854775807,0
1756090918197000000,-9223372036854775808,0,9223372036854775807,0
1756090918297000000,-9223372036854775808,0,9223372036854775807,0
1756090918297000000,-9223372036854775808,0,9223372036854775807,0
1756090918297000000,-9223372036854775808,0,9223372036854775807,0
1756090918297000000,-9223372036854775808,0,9223372036854775807,0
1756090918297000000,-9223372036854775808,0,9223372036854775807,0
1756090918297000000,-9223372036854775808,0,9223372036854775807,0
1756090918397000000,-9223372036854775808,0,9223372036854775807,0
1756090918397000000,-9223372036854775808,0,9223372036854775807,0
1756090918397000000,-9223372036854775808,0,9223372036854775807,0
1756090918397000000,-9223372036854775808,0,9223372036854775807,0
1756090918697000000,-9223372036854775808,0,9223372036854775807,0
1756090918697000000,-9223372036854775808,0,9223372036854775807,0
1756090919197000000,-9223372036854775808,0,9223372036854775807,0
1756090919197000000,-9223372036854775808,0,9223372036854775807,0
1756090919197000000,-9223372036854775808,0,9223372036854775807,0
1756090919297000000,-9223372036854775808,0,9223372036854775807,0
1756090919297000000,-9223372036854775808,0,9223372036854775807,0
1756090919297000000,-9223372036854775808,0,9223372036854775807,0
1756090919297000000,-9223372036854775808,0,9223372036854775807,0
1756090919297000000,-9223372036854775808,0,9223372036854775807,0
1756090919297000000,-9223372036854775808,0,9223372036854775807,0
1756090919398000000,-9223372036854775808,0,9223372036854775807,0
1756090919398000000,-9223372036854775808,0,9223372036854775807,0
1756090919398000000,-9223372036854775808,0,9223372036854775807,0
1756090919398000000,-9223372036854775808,0,9223372036854775807,0
1756090920298000000,-9223372036854775808,0,9223372036854775807,0
1756090920298000000,-9223372036854775808,0,9223372036854775807,0
1756090920298000000,-9223372036854775808,0,9223372036854775807,0
1756090920298000000,-9223372036854775808,0,9223372036854775807,0
1756090920398000000,-9223372036854775808,0,9223372036854775807,0
1756090920398000000,-9223372036854775808,0,9223372036854775807,0
1756090920398000000,-9223372036854775808,0,9223372036854775807,0
1756090920398000000,-9223372036854775808,0,9223372036854775807,0
1756090920999000000,-9223372036854775808,0,9223372036854775807,0
1756090921099000000,-9223372036854775808,0,9223372036854775807,0
1756090921199000000,-9223372036854775808,0,9223372036854775807,0
1756090921199000000,-9223372036854775808,0,9223372036854775807,0
1756090921999000000,-9223372036854775808,0,9223372036854775807,0
1756090921999000000,-9223372036854775808,0,9223372036854775807,0
1756090922099000000,-9223372036854775808,0,9223372036854775807,0
1756090922099000000,-9223372036854775808,0,9223372036854775807,0
1756090922099000000,-9223372036854775808,0,9223372036854775807,0
1756090922099000000,-9223372036854775808,0,9223372036854775807,0
1756090922099000000,-9223372036854775808,0,9223372036854775807,0
1756090922200000000,-9223372036854775808,0,9223372036854775807,0
1756090922200000000,-9223372036854775808,0,9223372036854775807,0
1756090922200000000,-9223372036854775808,0,9223372036854775807,0
1756090922200000000,-9223372036854775808,0,9223372036854775807,0
1756090922200000000,-9223372036854775808,0,9223372036854775807,0
1756090922300000000,-9223372036854775808,0,9223372036854775807,0
1756090922400000000,-9223372036854775808,0,9223372036854775807,0
1756090922400000000,-9223372036854775808,0,9223372036854775807,0
1756090923100000000,-9223372036854775808,0,9223372036854775807,0
1756090923100000000,-9223372036854775808,0,9223372036854775807,0
1756090923100000000,-9223372036854775808,0,9223372036854775807,0
1756090923100000000,-9223372036854775808,0,9223372036854775807,0
1756090924401000000,-9223372036854775808,0,9223372036854775807,0
1756090924501000000,-9223372036854775808,0,9223372036854775807,0
1756090924501000000,-9223372036854775808,0,9223372036854775807,0
1756090924601000000,-9223372036854775808,0,9223372036854775807,0
1756090924701000000,-9223372036854775808,0,9223372036854775807,0
1756090924701000000,-9223372036854775808,0,9223372036854775807,0
1756090925002000000,-9223372036854775808,0,9223372036854775807,0
1756090925202000000,-9223372036854775808,0,9223372036854775807,0
1756090925302000000,-9223372036854775808,0,9223372036854775807,0
1756090925302000000,-9223372036854775808,0,9223372036854775807,0
1756090925384000000,-9223372036854775808,0,9223372036854775807,0
1756090925402000000,-9223372036854775808,0,9223372036854775807,0
1756090925402000000,-9223372036854775808,0,9223372036854775807,0
1756090925402000000,-9223372036854775808,0,9223372036854775807,0
1756090925402000000,-9223372036854775808,0,9223372036854775807,0
1756090925502000000,-9223372036854775808,0,9223372036854775807,0
1756090925502000000,-9223372036854775808,0,9223372036854775807,0
1756090925502000000,-9223372036854775808,0,9223372036854775807,0
1756090926102000000,-9223372036854775808,0,9223372036854775807,0
1756090926102000000,-9223372036854775808,0,9223372036854775807,0
1756090926403000000,-9223372036854775808,0,9223372036854775807,0
1756090926403000000,-9223372036854775808,0,9223372036854775807,0
1756090926403000000,-9223372036854775808,0,9223372036854775807,0
1756090926403000000,-9223372036854775808,0,9223372036854775807,0
1756090926403000000,-9223372036854775808,0,9223372036854775807,0
1756090926503000000,-9223372036854775808,0,9223372036854775807,0
1756090926503000000,-9223372036854775808,0,9223372036854775807,0
1756090926503000000,-9223372036854775808,0,9223372036854775807,0
1756090926503000000,-9223372036854775808,0,9223372036854775807,0
1756090926903000000,-9223372036854775808,0,9223372036854775807,0
1756090926903000000,-9223372036854775808,0,9223372036854775807,0
1756090927103000000,-9223372036854775808,0,9223372036854775807,0
1756090927503000000,-9223372036854775808,0,9223372036854775807,0
1756090927503000000,-9223372036854775808,0,9223372036854775807,0
1756090927503000000,-9223372036854775808,0,9223372036854775807,0
1756090927503000000,-9223372036854775808,0,9223372036854775807,0
1756090927604000000,-9223372036854775808,0,9223372036854775807,0
1756090927604000000,-9223372036854775808,0,9223372036854775807,0
1756090927604000000,-9223372036854775808,0,9223372036854775807,0
1756090927604000000,-9223372036854775808,0,9223372036854775807,0
1756090928004000000,-9223372036854775808,0,9223372036854775807,0
1756090928004000000,-9223372036854775808,0,9223372036854775807,0
1756090928004000000,-9223372036854775808,0,9223372036854775807,0
1756090928004000000,-9223372036854775808,0,9223372036854775807,0
1756090928104000000,-9223372036854775808,0,9223372036854775807,0
1756090928104000000,-9223372036854775808,0,9223372036854775807,0
1756090928204000000,-9223372036854775808,0,9223372036854775807,0
1756090928504000000,-9223372036854775808,0,9223372036854775807,0
1756090928504000000,-9223372036854775808,0,9223372036854775807,0
1756090928504000000,-9223372036854775808,0,9223372036854775807,0
1756090928504000000,-9223372036854775808,0,9223372036854775807,0
1756090928504000000,-9223372036854775808,0,9223372036854775807,0
1756090928504000000,-9223372036854775808,0,9223372036854775807,0
1756090928504000000,-9223372036854775808,0,9223372036854775807,0
1756090928604000000,-9223372036854775808,0,9223372036854775807,0
1756090928604000000,-9223372036854775808,0,9223372036854775807,0
1756090928604000000,-9223372036854775808,0,9223372036854775807,0
1756090928604000000,-9223372036854775808,0,9223372036854775807,0
1756090928604000000,-9223372036854775808,0,9223372036854775807,0
1756090928604000000,-9223372036854775808,0,9223372036854775807,0
1756090929505000000,-9223372036854775808,0,9223372036854775807,0
1756090929505000000,-9223372036854775808,0,9223372036854775807,0
1756090929505000000,-9223372036854775808,0,9223372036854775807,0
1756090929505000000,-9223372036854775808,0,9223372036854775807,0
1756090929505000000,-9223372036854775808,0,9223372036854775807,0
1756090929605000000,-9223372036854775808,0,9223372036854775807,0
1756090929605000000,-9223372036854775808,0,9223372036854775807,0
1756090929605000000,-9223372036854775808,0,9223372036854775807,0
1756090929605000000,-9223372036854775808,0,9223372036854775807,0
1756090930205000000,-9223372036854775808,0,9223372036854775807,0
1756090930506000000,-9223372036854775808,0,9223372036854775807,0
1756090930506000000,-9223372036854775808,0,9223372036854775807,0
1756090930506000000,-9223372036854775808,0,9223372036854775807,0
1756090930506000000,-9223372036854775808,0,9223372036854775807,0
1756090930506000000,-9223372036854775808,0,9223372036854775807,0
1756090930606000000,-9223372036854775808,0,9223372036854775807,0
1756090930606000000,-9223372036854775808,0,9223372036854775807,0
1756090930606000000,-9223372036854775808,0,9223372036854775807,0
1756090930606000000,-9223372036854775808,0,9223372036854775807,0
1756090930606000000,-9223372036854775808,0,9223372036854775807,0
1756090930706000000,-9223372036854775808,0,9223372036854775807,0
1756090930706000000,-9223372036854775808,0,9223372036854775807,0
1756090930806000000,-9223372036854775808,0,9223372036854775807,0
1756090930906000000,-9223372036854775808,0,9223372036854775807,0
1756090930906000000,-9223372036854775808,0,9223372036854775807,0
1756090930906000000,-9223372036854775808,0,9223372036854775807,0
1756090930906000000,-9223372036854775808,0,9223372036854775807,0
1756090931206000000,-9223372036854775808,0,9223372036854775807,0
1756090931206000000,-9223372036854775808,0,9223372036854775807,0
1756090931306000000,-9223372036854775808,0,9223372036854775807,0
1756090931306000000,-9223372036854775808,0,9223372036854775807,0
1756090931306000000,-9223372036854775808,0,9223372036854775807,0
1756090931306000000,-9223372036854775808,0,9223372036854775807,0
1756090931406000000,-9223372036854775808,0,9223372036854775807,0
1756090931406000000,-9223372036854775808,0,9223372036854775807,0
1756090932007000000,-9223372036854775808,0,9223372036854775807,0
1756090932307000000,-9223372036854775808,0,9223372036854775807,0
1756090932307000000,-9223372036854775808,0,9223372036854775807,0
1756090932307000000,-9223372036854775808,0,9223372036854775807,0
1756090932307000000,-9223372036854775808,0,9223372036854775807,0
1756090932307000000,-9223372036854775808,0,9223372036854775807,0
1756090932407000000,-9223372036854775808,0,9223372036854775807,0
1756090932407000000,-9223372036854775808,0,9223372036854775807,0
1756090932407000000,-9223372036854775808,0,9223372036854775807,0
1756090932407000000,-9223372036854775808,0,9223372036854775807,0
1756090932607000000,-9223372036854775808,0,9223372036854775807,0
1756090932607000000,-9223372036854775808,0,9223372036854775807,0
1756090933308000000,-9223372036854775808,0,9223372036854775807,0
1756090933308000000,-9223372036854775808,0,9223372036854775807,0
1756090933308000000,-9223372036854775808,0,9223372036854775807,0
1756090933408000000,-9223372036854775808,0,9223372036854775807,0
1756090933408000000,-9223372036854775808,0,9223372036854775807,0
1756090933408000000,-9223372036854775808,0,9223372036854775807,0
1756090933408000000,-9223372036854775808,0,9223372036854775807,0
1756090933408000000,-9223372036854775808,0,9223372036854775807,0
1756090933508000000,-9223372036854775808,0,9223372036854775807,0
1756090933508000000,-9223372036854775808,0,9223372036854775807,0
1756090933908000000,-9223372036854775808,0,9223372036854775807,0
1756090933908000000,-9223372036854775808,0,9223372036854775807,0
1756090933908000000,-9223372036854775808,0,9223372036854775807,0
1756090933908000000,-9223372036854775808,0,9223372036854775807,0
1756090933908000000,-9223372036854775808,0,9223372036854775807,0
1756090934008000000,-9223372036854775808,0,9223372036854775807,0
1756090934008000000,-9223372036854775808,0,9223372036854775807,0
1756090934008000000,-9223372036854775808,0,9223372036854775807,0
1756090934208000000,-9223372036854775808,0,9223372036854775807,0
1756090934408000000,-9223372036854775808,0,9223372036854775807,0
1756090934408000000,-9223372036854775808,0,9223372036854775807,0
1756090934508000000,-9223372036854775808,0,9223372036854775807,0
1756090934508000000,-9223372036854775808,0,9223372036854775807,0
1756090934508000000,-9223372036854775808,0,9223372036854775807,0
1756090934508000000,-9223372036854775808,0,9223372036854775807,0
1756090934508000000,-9223372036854775808,0,9223372036854775807,0
1756090934709000000,-9223372036854775808,0,9223372036854775807,0
1756090934809000000,-9223372036854775808,0,9223372036854775807,0
1756090935209000000,-9223372036854775808,0,9223372036854775807,0
1756090935309000000,-9223372036854775808,0,9223372036854775807,0
1756090935309000000,-9223372036854775808,0,9223372036854775807,0
1756090935309000000,-9223372036854775808,0,9223372036854775807,0
1756090935409000000,-9223372036854775808,0,9223372036854775807,0
1756090935409000000,-9223372036854775808,0,9223372036854775807,0
1756090935409000000,-9223372036854775808,0,9223372036854775807,0
1756090935409000000,-9223372036854775808,0,9223372036854775807,0
1756090935509000000,-9223372036854775808,0,9223372036854775807,0
1756090935509000000,-9223372036854775808,0,9223372036854775807,0
1756090935509000000,-9223372036854775808,0,9223372036854775807,0
1756090935509000000,-9223372036854775808,0,9223372036854775807,0
1756090936310000000,-9223372036854775808,0,9223372036854775807,0
1756090936310000000,-9223372036854775808,0,9223372036854775807,0
1756090936310000000,-9223372036854775808,0,9223372036854775807,0
1756090936310000000,-9223372036854775808,0,9223372036854775807,0
1756090936410000000,-9223372036854775808,0,9223372036854775807,0
1756090936410000000,-9223372036854775808,0,9223372036854775807,0
1756090936410000000,-9223372036854775808,0,9223372036854775807,0
1756090936410000000,-9223372036854775808,0,9223372036854775807,0
1756090936410000000,-9223372036854775808,0,9223372036854775807,0
1756090936410000000,-9223372036854775808,0,9223372036854775807,0
1756090936510000000,-9223372036854775808,0,9223372036854775807,0
1756090936510000000,-9223372036854775808,0,9223372036854775807,0
1756090936510000000,-9223372036854775808,0,9223372036854775807,0
1756090936510000000,-9223372036854775808,0,9223372036854775807,0
1756090936510000000,-9223372036854775808,0,9223372036854775807,0
1756090936810000000,-9223372036854775808,0,9223372036854775807,0
1756090936810000000,-9223372036854775808,0,9223372036854775807,0
1756090937210000000,-9223372036854775808,0,9223372036854775807,0
1756090937411000000,-9223372036854775808,0,9223372036854775807,0
1756090937511000000,-9223372036854775808,0,9223372036854775807,0
1756090937511000000,-9223372036854775808,0,9223372036854775807,0
1756090937511000000,-9223372036854775808,0,9223372036854775807,0
1756090937611000000,-9223372036854775808,0,9223372036854775807,0
1756090937611000000,-9223372036854775808,0,9223372036854775807,0
1756090938511000000,-9223372036854775808,0,9223372036854775807,0
1756090938511000000,-9223372036854775808,0,9223372036854775807,0
1756090938611000000,-9223372036854775808,0,9223372036854775807,0
1756090938611000000,-9223372036854775808,0,9223372036854775807,0
1756090938912000000,-9223372036854775808,0,9223372036854775807,0
1756090939012000000,-9223372036854775808,0,9223372036854775807,0
1756090939112000000,-9223372036854775808,0,9223372036854775807,0
1756090939112000000,-9223372036854775808,0,9223372036854775807,0
1756090939212000000,-9223372036854775808,0,9223372036854775807,0
1756090939312000000,-9223372036854775808,0,9223372036854775807,0
1756090939312000000,-9223372036854775808,0,9223372036854775807,0
1756090939312000000,-9223372036854775808,0,9223372036854775807,0
1756090939512000000,-9223372036854775808,0,9223372036854775807,0
1756090939512000000,-9223372036854775808,0,9223372036854775807,0
1756090939512000000,-9223372036854775808,0,9223372036854775807,0
1756090939512000000,-9223372036854775808,0,9223372036854775807,0
1756090939512000000,-9223372036854775808,0,9223372036854775807,0
1756090939612000000,-9223372036854775808,0,9223372036854775807,0
1756090939612000000,-9223372036854775808,0,9223372036854775807,0
1756090939912000000,-9223372036854775808,0,9223372036854775807,0
1756090939912000000,-9223372036854775808,0,9223372036854775807,0
1756090939912000000,-9223372036854775808,0,9223372036854775807,0
1756090939912000000,-9223372036854775808,0,9223372036854775807,0
1756090939912000000,-9223372036854775808,0,9223372036854775807,0
1756090939912000000,-9223372036854775808,0,9223372036854775807,0
1756090939912000000,-9223372036854775808,0,9223372036854775807,0
1756090940012000000,-9223372036854775808,0,9223372036854775807,0
1756090940012000000,-9223372036854775808,0,9223372036854775807,0
1756090940012000000,-9223372036854775808,0,9223372036854775807,0
1756090940012000000,-9223372036854775808,0,9223372036854775807,0
1756090940113000000,-9223372036854775808,0,9223372036854775807,0
1756090940113000000,-9223372036854775808,0,9223372036854775807,0
1756090940213000000,-9223372036854775808,0,9223372036854775807,0
1756090940213000000,-9223372036854775808,0,9223372036854775807,0
1756090940313000000,-9223372036854775808,0,9223372036854775807,0
1756090940313000000,-9223372036854775808,0,9223372036854775807,0
1756090940713000000,-9223372036854775808,0,9223372036854775807,0
1756090940713000000,-9223372036854775808,0,9223372036854775807,0
1756090940913000000,-9223372036854775808,0,9223372036854775807,0
1756090941213000000,-9223372036854775808,0,9223372036854775807,0
1756090941213000000,-9223372036854775808,0,9223372036854775807,0
1756090941313000000,-9223372036854775808,0,9223372036854775807,0
1756090941313000000,-9223372036854775808,0,9223372036854775807,0
1756090941313000000,-9223372036854775808,0,9223372036854775807,0
1756090941313000000,-9223372036854775808,0,9223372036854775807,0
1756090941414000000,-9223372036854775808,0,9223372036854775807,0
1756090941414000000,-9223372036854775808,0,9223372036854775807,0
1756090941714000000,-9223372036854775808,0,9223372036854775807,0
1756090941714000000,-9223372036854775808,0,9223372036854775807,0
1756090941814000000,-9223372036854775808,0,9223372036854775807,0
1756090941814000000,-9223372036854775808,0,9223372036854775807,0
1756090942258000000,-9223372036854775808,0,9223372036854775807,0
1756090942314000000,-9223372036854775808,0,9223372036854775807,0
1756090942414000000,-9223372036854775808,0,9223372036854775807,0
1756090942414000000,-9223372036854775808,0,9223372036854775807,0
1756090942714000000,-9223372036854775808,0,9223372036854775807,0
1756090942714000000,-9223372036854775808,0,9223372036854775807,0
1756090942815000000,-9223372036854775808,0,9223372036854775807,0
1756090942815000000,-9223372036854775808,0,9223372036854775807,0
1756090942815000000,-9223372036854775808,0,9223372036854775807,0
1756090943015000000,-9223372036854775808,0,9223372036854775807,0
1756090943015000000,-9223372036854775808,0,9223372036854775807,0
1756090943115000000,-9223372036854775808,0,9223372036854775807,0
1756090943715000000,-9223372036854775808,0,9223372036854775807,0
1756090943715000000,-9223372036854775808,0,9223372036854775807,0
1756090943815000000,-9223372036854775808,0,9223372036854775807,0
1756090943815000000,-9223372036854775808,0,9223372036854775807,0
1756090943915000000,-9223372036854775808,0,9223372036854775807,0
1756090944015000000,-9223372036854775808,0,9223372036854775807,0
1756090944015000000,-9223372036854775808,0,9223372036854775807,0
1756090944816000000,-9223372036854775808,0,9223372036854775807,0
1756090944916000000,-9223372036854775808,0,9223372036854775807,0
1756090944916000000,-9223372036854775808,0,9223372036854775807,0
1756090944916000000,-9223372036854775808,0,9223372036854775807,0
1756090944916000000,-9223372036854775808,0,9223372036854775807,0
1756090944916000000,-9223372036854775808,0,9223372036854775807,0
1756090945016000000,-9223372036854775808,0,9223372036854775807,0
1756090945016000000,-9223372036854775808,0,9223372036854775807,0
1756090945717000000,-9223372036854775808,0,9223372036854775807,0
1756090945817000000,-9223372036854775808,0,9223372036854775807,0
1756090945817000000,-9223372036854775808,0,9223372036854775807,0
1756090945817000000,-9223372036854775808,0,9223372036854775807,0
1756090945817000000,-9223372036854775808,0,9223372036854775807,0
1756090945817000000,-9223372036854775808,0,9223372036854775807,0
1756090945817000000,-9223372036854775808,0,9223372036854775807,0
1756090945917000000,-9223372036854775808,0,9223372036854775807,0
1756090945917000000,-9223372036854775808,0,9223372036854775807,0
1756090945917000000,-9223372036854775808,0,9223372036854775807,0
1756090945917000000,-9223372036854775808,0,9223372036854775807,0
1756090946417000000,-9223372036854775808,0,9223372036854775807,0
1756090946417000000,-9223372036854775808,0,9223372036854775807,0
1756090946817000000,-9223372036854775808,0,9223372036854775807,0
1756090947218000000,-9223372036854775808,0,9223372036854775807,0
1756090947218000000,-9223372036854775808,0,9223372036854775807,0
1756090947318000000,-9223372036854775808,0,9223372036854775807,0
1756090947418000000,-9223372036854775808,0,9223372036854775807,0
1756090947418000000,-9223372036854775808,0,9223372036854775807,0
1756090947818000000,-9223372036854775808,0,9223372036854775807,0
1756090947918000000,-9223372036854775808,0,9223372036854775807,0
1756090947918000000,-9223372036854775808,0,9223372036854775807,0
1756090948519000000,-9223372036854775808,0,9223372036854775807,0
1756090948819000000,-9223372036854775808,0,9223372036854775807,0
1756090948819000000,-9223372036854775808,0,9223372036854775807,0
1756090948919000000,-9223372036854775808,0,9223372036854775807,0
1756090948919000000,-9223372036854775808,0,9223372036854775807,0
1756090949819000000,-9223372036854775808,0,9223372036854775807,0
1756090949819000000,-9223372036854775808,0,9223372036854775807,0
