ts_ns,type,side,price,qty
1756195622348000000,book,B,110119.47,0.01423
1756195622448000000,book,B,110119.48,0.14151
1756195622448000000,book,B,110119.47,0.0
1756195622448000000,book,B,110119.46,0.0
1756195622548000000,book,B,110119.48,0.0
1756195622548000000,book,B,110119.46,0.14151
1756195622649000000,book,B,110119.49,0.01423
1756195622749000000,book,B,110119.5,0.14151
1756195622749000000,book,B,110119.46,0.0
1756195622949000000,book,B,110119.49,0.0
1756195622949000000,book,B,110119.32,0.0
1756195623049000000,book,B,110119.5,0.0
1756195623049000000,book,B,110119.46,0.14151
1756195623049000000,book,A,137936.03,0.00036
1756195623449000000,book,B,110119.47,0.01423
1756195623549000000,book,B,110119.48,0.14151
1756195623549000000,book,B,110119.46,0.0
1756195623649000000,book,B,110119.47,0.0
1756195623749000000,book,B,110119.48,0.0
1756195623749000000,book,B,110119.46,0.14151
1756195624350000000,book,B,110119.34,0.0
1756195624450000000,book,B,110119.47,0.0003
1756195624550000000,book,B,110119.48,0.05806
1756195624550000000,book,B,110119.45,0.0
1756195624550000000,book,B,110106.0,0.0
1756195624550000000,book,B,110102.0,0.12263
1756195624550000000,book,A,110508.0,0.12232
1756195624550000000,book,A,110508.02,0.0
1756195624650000000,book,B,110119.5,0.05806
1756195624650000000,book,B,110119.49,0.14151
1756195624650000000,book,B,110119.48,0.0
1756195624650000000,book,B,110119.46,0.0
1756195624650000000,book,B,110102.0,0.0
1756195624650000000,book,B,110097.0,0.12263
1756195624650000000,book,A,110507.98,0.12232
1756195624650000000,book,A,110507.99,0.68404
1756195624650000000,book,A,110508.0,0.0
1756195624650000000,book,A,110508.01,0.0
1756195624750000000,book,B,110119.52,0.05806
1756195624750000000,book,B,110119.51,0.14151
1756195624750000000,book,B,110119.5,0.0
1756195624750000000,book,B,110119.49,0.0
1756195624750000000,book,B,110110.85,0.0
1756195624750000000,book,B,110097.0,0.0
1756195624750000000,book,B,110092.0,0.12263
1756195624750000000,book,A,110507.96,0.12232
1756195624750000000,book,A,110507.97,0.68404
1756195624750000000,book,A,110507.98,0.0
1756195624750000000,book,A,110507.99,0.0
1756195624850000000,book,B,110119.53,0.14151
1756195624850000000,book,B,110119.51,0.0
1756195624850000000,book,B,110099.36,0.03614
1756195624850000000,book,A,110507.95,0.68404
1756195624850000000,book,A,110507.97,0.0
1756195624950000000,book,B,110119.37,0.0
1756195624950000000,book,A,110508.04,0.0
1756195625050000000,book,B,110119.54,0.08383
1756195625050000000,book,A,110507.94,0.01081
1756195625150000000,book,B,110119.55,0.14151
1756195625150000000,book,B,110119.53,0.0
1756195625150000000,book,A,110507.93,0.68404
1756195625150000000,book,A,110507.95,0.0
1756195625150000000,book,A,137936.03,0.00036
1756195625250000000,book,B,110119.56,0.05806
1756195625250000000,book,B,110119.52,0.0
1756195625250000000,book,A,110507.92,0.12232
1756195625250000000,book,A,110507.94,0.006
1756195625250000000,book,A,110507.96,0.0
1756195625350000000,book,B,110119.57,0.14151
1756195625350000000,book,B,110119.55,0.0
1756195625350000000,book,A,110507.91,0.68404
1756195625350000000,book,A,110507.92,0.12816
1756195625350000000,book,A,110507.93,0.0
1756195625350000000,book,A,110508.06,0.0
1756195625551000000,book,A,110507.92,0.12335
1756195625651000000,book,A,110507.9,0.00481
1756195625751000000,book,A,110507.89,0.68404
1756195625751000000,book,A,110507.9,0.0
1756195625751000000,book,A,110507.91,0.0
1756195625851000000,book,A,110507.88,0.00481
1756195625851000000,book,A,110507.89,0.0
1756195625851000000,book,A,110507.91,0.68404
1756195625951000000,book,A,110507.87,0.68404
1756195625951000000,book,A,110507.91,0.0
1756195626051000000,book,A,110507.88,0.0
1756195626151000000,book,A,110507.86,0.68885
1756195626151000000,book,A,110507.87,0.0
1756195626151000000,book,A,110507.91,0.0
1756195626952000000,book,A,137936.03,0.00045
1756195627452000000,book,A,137936.03,0.00045
1756195628152000000,book,A,137936.03,0.00036
1756195628953000000,book,B,110099.36,0.0
1756195629053000000,book,A,110507.86,0.68404
1756195629153000000,book,B,110119.54,0.0
1756195629153000000,book,A,110507.86,0.0
1756195629153000000,book,A,110507.91,0.68404
1756195629153000000,book,A,110507.94,0.0
1756195629253000000,book,B,110119.58,0.08383
1756195629253000000,book,A,110507.9,0.006
1756195629353000000,book,B,110119.59,0.14151
1756195629353000000,book,B,110119.57,0.0
1756195629353000000,book,B,110119.47,0.0
1756195629353000000,book,A,110507.89,0.68404
1756195629353000000,book,A,110507.91,0.0
1756195629453000000,book,B,110119.59,0.14181
1756195629453000000,book,B,110110.95,0.0213
1756195629654000000,book,B,110118.76,0.0
1756195629754000000,book,B,110118.78,0.0
1756195629854000000,book,A,110507.88,0.00103
1756195629854000000,book,A,110507.92,0.12232
1756195629954000000,book,A,110507.87,0.1001
1756195629954000000,book,A,110507.89,0.58394
1756195630654000000,book,B,110119.6,0.00843
1756195630654000000,book,B,110119.57,0.0068
1756195630754000000,book,B,110119.61,0.14151
1756195630754000000,book,B,110119.59,0.0003
1756195630854000000,book,B,110119.62,0.05806
1756195630854000000,book,B,110119.56,0.0
1756195630854000000,book,B,110104.0,0.12263
1756195630854000000,book,B,110092.0,0.0
1756195630854000000,book,A,110507.86,0.12232
1756195630854000000,book,A,110507.92,0.0
1756195630954000000,book,B,110119.63,0.15343
1756195630954000000,book,B,110119.61,0.0
1756195630954000000,book,A,110507.85,0.68404
1756195630954000000,book,A,110507.87,0.0
1756195630954000000,book,A,110507.89,0.0
1756195631355000000,book,A,137936.03,0.00027
1756195631455000000,book,A,110507.84,0.0
1756195632055000000,book,A,110507.84,0.00312
1756195632155000000,book,A,110507.83,0.68404
1756195632155000000,book,A,110507.85,0.0
1756195632255000000,book,A,110507.84,0.0
1756195632355000000,book,A,110507.82,0.68404
1756195632355000000,book,A,110507.83,0.0
1756195632355000000,book,A,110507.85,0.0
1756195632455000000,book,A,110507.82,0.0
1756195632455000000,book,A,110507.85,0.68404
1756195632856000000,book,A,137936.03,0.00018
1756195633256000000,book,B,110119.58,0.0
1756195633256000000,book,A,110507.9,0.0
1756195633356000000,book,B,110119.64,0.08383
1756195633356000000,book,A,110507.85,0.69004
1756195633456000000,book,B,110119.65,0.14151
1756195633456000000,book,B,110119.63,0.01192
1756195633556000000,book,B,110119.66,0.01423
1756195633556000000,book,B,110119.63,0.0
1756195633656000000,book,B,110119.67,0.14151
1756195633656000000,book,B,110119.65,0.0
1756195633756000000,book,B,110119.66,0.0
1756195633856000000,book,B,110119.67,0.0
1756195633856000000,book,B,110119.65,0.14151
1756195634057000000,book,B,110119.66,0.01423
1756195634157000000,book,B,110119.67,0.14151
1756195634157000000,book,B,110119.65,0.0
1756195634257000000,book,B,110119.66,0.0
1756195634357000000,book,B,110119.68,0.01423
1756195634357000000,book,B,110119.67,0.0
1756195634357000000,book,B,110119.65,0.14151
1756195634457000000,book,B,110119.69,0.14151
1756195634457000000,book,B,110119.68,0.0
1756195634457000000,book,B,110119.65,0.0
1756195634557000000,book,B,110119.69,0.0
1756195634557000000,book,B,110119.65,0.14151
1756195634657000000,book,B,110119.7,0.01423
1756195634657000000,book,A,137936.03,0.00018
1756195634757000000,book,B,110119.71,0.14151
1756195634757000000,book,B,110119.65,0.0
1756195634957000000,book,B,110119.72,0.01423
1756195634957000000,book,B,110119.7,0.0
1756195635057000000,book,B,110119.73,0.14151
1756195635057000000,book,B,110119.71,0.0
1756195635157000000,book,B,110119.72,0.0
1756195635257000000,book,B,110119.74,0.01423
1756195635257000000,book,B,110119.73,0.0
1756195635257000000,book,B,110119.65,0.14151
1756195635357000000,book,B,110119.75,0.14151
1756195635357000000,book,B,110119.74,0.0
1756195635357000000,book,B,110119.65,0.0
1756195635357000000,book,A,137936.03,9e-05
1756195635458000000,book,B,110119.75,0.0
1756195635458000000,book,B,110119.65,0.14151
1756195635558000000,book,B,110119.76,0.01423
1756195635658000000,book,B,110119.77,0.14151
1756195635658000000,book,B,110119.65,0.0
1756195635858000000,book,B,110119.76,0.0
1756195635858000000,book,A,110507.84,0.00312
1756195635958000000,book,B,110119.77,0.0
1756195635958000000,book,B,110119.65,0.14151
1756195635958000000,book,A,110507.83,0.68404
1756195635958000000,book,A,110507.84,0.0
1756195635958000000,book,A,110507.85,0.006
1756195636058000000,book,A,110507.83,0.0
1756195636058000000,book,A,110507.84,0.68404
1756195636358000000,book,A,137936.03,0.00018
1756195636458000000,book,B,110119.66,0.01423
1756195636558000000,book,B,110119.67,0.14151
1756195636558000000,book,B,110119.66,0.0
1756195636558000000,book,B,110119.65,0.0
1756195636658000000,book,B,110119.67,0.0
1756195636658000000,book,B,110119.65,0.14151
1756195636759000000,book,B,110119.69,0.05806
1756195636759000000,book,B,110119.68,0.01423
1756195636759000000,book,B,110119.62,0.0
1756195636759000000,book,B,110107.0,0.12263
1756195636759000000,book,B,110104.0,0.0
1756195636759000000,book,A,110507.83,0.12232
1756195636759000000,book,A,110507.86,0.0
1756195636859000000,book,B,110119.7,0.14151
1756195636859000000,book,B,110119.65,0.0
1756195636859000000,book,A,110507.82,0.68404
1756195636859000000,book,A,110507.84,0.0
1756195637059000000,book,B,110119.71,0.01423
1756195637059000000,book,B,110119.68,0.0
1756195637159000000,book,B,110119.72,0.14151
1756195637159000000,book,B,110119.7,0.0
1756195637259000000,book,B,110119.71,0.0
1756195637359000000,book,B,110119.73,0.01423
1756195637359000000,book,B,110119.72,0.0
1756195637359000000,book,B,110119.7,0.14151
1756195637359000000,book,B,110119.64,0.0
1756195637359000000,book,A,110507.85,0.0
1756195637459000000,book,B,110119.74,0.14151
1756195637459000000,book,B,110119.7,0.0
1756195637559000000,book,B,110119.75,0.08382
1756195637559000000,book,B,110119.73,0.0
1756195637559000000,book,A,110507.82,0.69004
1756195637659000000,book,B,110119.76,0.14151
1756195637659000000,book,B,110119.75,0.09805
1756195637659000000,book,B,110119.74,0.0
1756195637759000000,book,B,110119.75,0.08382
1756195637859000000,book,B,110119.77,0.01423
1756195637859000000,book,B,110119.76,0.14239
1756195637959000000,book,B,110119.78,0.14151
1756195637959000000,book,B,110119.77,0.0
1756195637959000000,book,B,110119.76,0.00088
1756195638059000000,book,B,110119.78,0.0
1756195638059000000,book,B,110119.76,0.14239
1756195638160000000,book,B,110119.79,0.01423
1756195638260000000,book,B,110119.8,0.14151
1756195638260000000,book,B,110119.76,0.00088
1756195638460000000,book,B,110119.79,0.0
1756195638460000000,book,A,110507.81,0.00481
1756195638560000000,book,B,110119.8,0.0
1756195638560000000,book,B,110119.76,0.14239
1756195638560000000,book,A,110507.8,0.68404
1756195638560000000,book,A,110507.82,0.006
1756195638660000000,book,B,110119.59,0.0
1756195638760000000,book,B,110119.77,0.0003
1756195638760000000,book,A,110507.81,0.0
1756195638860000000,book,A,110507.8,0.0
1756195638860000000,book,A,110507.81,0.68404
1756195639060000000,book,A,110507.8,0.00481
1756195639160000000,book,A,110507.79,0.68404
1756195639160000000,book,A,110507.8,0.0
1756195639160000000,book,A,110507.81,0.0
1756195639260000000,book,A,110507.79,0.0
1756195639260000000,book,A,110507.81,0.68404
1756195639360000000,book,A,110507.78,0.00453
1756195639360000000,book,A,137936.03,0.00027
1756195639461000000,book,A,110507.77,0.68404
1756195639461000000,book,A,110507.81,0.0
1756195639661000000,book,A,110507.78,0.0
1756195639761000000,book,A,110507.77,0.0
1756195639761000000,book,A,110507.81,0.68404
1756195639861000000,book,A,110507.8,0.00453
1756195639961000000,book,A,110507.79,0.68404
1756195639961000000,book,A,110507.81,0.0
1756195640061000000,book,B,110119.78,0.00088
1756195640061000000,book,B,110119.76,0.14151
1756195640061000000,book,A,110507.8,0.0
1756195640161000000,book,B,110119.78,0.10098
1756195640161000000,book,B,110119.76,0.04141
1756195640161000000,book,A,110507.78,0.00453
1756195640161000000,book,A,110507.79,0.0
1756195640161000000,book,A,110507.81,0.68404
1756195640261000000,book,A,110507.77,0.68404
1756195640261000000,book,A,110507.81,0.0
1756195640361000000,book,A,110507.78,0.0
1756195640361000000,book,A,137936.03,0.00036
1756195640461000000,book,A,110507.76,0.00453
1756195640461000000,book,A,110507.77,0.0
1756195640461000000,book,A,110507.81,0.68404
1756195640561000000,book,A,110507.75,0.68404
1756195640561000000,book,A,110507.76,0.0
1756195640561000000,book,A,110507.81,0.0
1756195640661000000,book,A,110507.75,0.0
1756195640661000000,book,A,110507.81,0.68404
1756195641262000000,book,A,110507.8,0.00481
1756195641362000000,book,A,110507.79,0.68404
1756195641362000000,book,A,110507.81,0.0
1756195641562000000,book,A,110507.78,0.00481
1756195641562000000,book,A,110507.8,0.0
1756195641662000000,book,B,110119.75,0.0
1756195641662000000,book,A,110507.77,0.68404
1756195641662000000,book,A,110507.79,0.0
1756195641662000000,book,A,110507.82,0.0
1756195641762000000,book,B,110119.76,0.0
1756195641762000000,book,B,110119.7,0.04141
1756195641762000000,book,A,110507.76,0.006
1756195641762000000,book,A,110507.78,0.0
1756195641862000000,book,B,110119.79,0.08382
1756195641862000000,book,A,110507.75,0.68404
1756195641862000000,book,A,110507.76,0.01081
1756195641862000000,book,A,110507.77,0.0
1756195641962000000,book,B,110119.8,0.14151
1756195641962000000,book,B,110119.78,0.00088
1756195641962000000,book,B,110119.7,0.0
1756195641962000000,book,A,110507.76,0.006
1756195642163000000,book,A,110507.74,0.00481
1756195642263000000,book,A,110507.73,0.68404
1756195642263000000,book,A,110507.75,0.0
1756195642463000000,book,A,110507.72,0.00481
1756195642463000000,book,A,110507.74,0.0
1756195642563000000,book,A,110507.71,0.68404
1756195642563000000,book,A,110507.73,0.0
1756195642663000000,book,A,110507.72,0.0
1756195642763000000,book,B,110119.81,0.05806
1756195642763000000,book,B,110119.69,0.0
1756195642763000000,book,B,110107.0,0.0
1756195642763000000,book,B,110097.0,0.12263
1756195642763000000,book,A,110507.7,0.12713
1756195642763000000,book,A,110507.71,0.0
1756195642763000000,book,A,110507.75,0.68404
1756195642763000000,book,A,110507.83,0.0
1756195642763000000,book,A,137936.03,0.00027
1756195642863000000,book,B,110119.82,0.14151
1756195642863000000,book,B,110119.8,0.0
1756195642863000000,book,A,110507.69,0.68404
1756195642863000000,book,A,110507.75,0.0
1756195642963000000,book,A,110507.7,0.12232
1756195643063000000,book,A,110507.68,0.00481
1756195643163000000,book,B,110119.83,0.00039
1756195643163000000,book,B,110119.77,0.0
1756195643163000000,book,A,110507.67,0.68404
1756195643163000000,book,A,110507.68,0.0
1756195643163000000,book,A,110507.69,0.0
1756195643263000000,book,A,110507.66,0.00481
1756195643263000000,book,A,110507.67,0.0
1756195643263000000,book,A,110507.69,0.68404
1756195643363000000,book,A,110507.65,0.68404
1756195643363000000,book,A,110507.66,0.0
1756195643363000000,book,A,110507.69,0.0
1756195643463000000,book,A,110507.65,0.0
1756195643463000000,book,A,110507.69,0.68404
1756195643564000000,book,A,110507.64,0.00481
1756195643564000000,book,A,137936.03,0.00036
1756195643664000000,book,A,110507.63,0.68404
1756195643664000000,book,A,110507.69,0.0
1756195643864000000,book,A,110507.62,0.00481
1756195643864000000,book,A,110507.64,0.0
1756195643964000000,book,A,110507.61,0.68404
1756195643964000000,book,A,110507.63,0.0
1756195644064000000,book,B,110119.84,0.00083
1756195644064000000,book,B,110119.78,0.0
1756195644064000000,book,A,110507.62,0.0
1756195644164000000,book,B,110119.84,0.10093
1756195644164000000,book,B,110119.82,0.04141
1756195644164000000,book,A,110507.61,0.0
1756195644164000000,book,A,110507.69,0.68404
1756195644364000000,book,A,137936.03,0.00036
1756195644464000000,book,A,110507.68,0.00481
1756195644564000000,book,A,110507.67,0.68507
1756195644564000000,book,A,110507.68,0.0
1756195644564000000,book,A,110507.69,0.0
1756195644564000000,book,A,110507.88,0.0
1756195644664000000,book,A,110507.67,0.10113
1756195644664000000,book,A,110507.69,0.58394
1756195644764000000,book,A,110507.66,0.00481
1756195644864000000,book,A,110507.65,0.68404
1756195644864000000,book,A,110507.67,0.00103
1756195644864000000,book,A,110507.69,0.0
1756195645065000000,book,A,110507.64,0.00481
1756195645065000000,book,A,110507.66,0.0
1756195645165000000,book,A,110507.63,0.68404
1756195645165000000,book,A,110507.65,0.0
1756195645265000000,book,A,110507.64,0.0
1756195645365000000,book,A,110507.62,0.00481
1756195645365000000,book,A,110507.63,0.0
1756195645365000000,book,A,110507.66,0.1001
1756195645365000000,book,A,110507.69,0.58394
1756195645465000000,book,B,110119.85,0.00043
1756195645465000000,book,B,110119.83,0.0
1756195645465000000,book,A,110507.61,0.68404
1756195645465000000,book,A,110507.66,0.0
1756195645465000000,book,A,110507.69,0.0
1756195645565000000,book,A,110507.6,0.00481
1756195645565000000,book,A,110507.62,0.0
1756195645665000000,book,A,110507.59,0.68404
1756195645665000000,book,A,110507.61,0.0
1756195645765000000,book,A,110507.6,0.0
1756195645865000000,book,B,110119.79,0.0
1756195645865000000,book,A,110507.58,0.00481
1756195645865000000,book,A,110507.59,0.0
1756195645865000000,book,A,110507.66,0.1001
1756195645865000000,book,A,110507.69,0.58394
1756195645865000000,book,A,110507.76,0.0
1756195645965000000,book,B,110119.86,0.08382
1756195645965000000,book,A,110507.57,0.69004
1756195645965000000,book,A,110507.58,0.0
1756195645965000000,book,A,110507.66,0.0
1756195645965000000,book,A,110507.69,0.0
1756195646065000000,book,B,110119.87,0.14151
1756195646065000000,book,B,110119.84,0.00083
1756195646065000000,book,B,110119.82,0.0
1756195646165000000,book,A,110507.56,0.00481
1756195646265000000,book,A,110507.55,0.68404
1756195646265000000,book,A,110507.57,0.006
1756195646466000000,book,A,110507.54,0.00481
1756195646466000000,book,A,110507.56,0.0
1756195646566000000,book,A,110507.53,0.68404
1756195646566000000,book,A,110507.55,0.0
1756195646666000000,book,A,110507.54,0.0
1756195646766000000,book,A,110507.52,0.68404
1756195646766000000,book,A,110507.53,0.0
1756195646766000000,book,A,110507.56,0.0
1756195646866000000,book,A,110507.52,0.0
1756195646866000000,book,A,110507.56,0.68404
1756195646866000000,book,A,137936.03,0.00036
1756195647066000000,book,B,110119.88,0.01423
1756195647166000000,book,B,110119.89,0.0
1756195647166000000,book,B,110119.88,0.0
1756195647166000000,book,B,110119.87,0.0
1756195647166000000,book,B,109884.27,0.0
1756195647166000000,book,A,110507.56,0.0
1756195647166000000,book,A,110663.97,0.0
1756195647366000000,book,A,110507.55,0.00481
1756195648267000000,book,A,137936.03,0.00036
1756195648667000000,book,B,110119.87,0.05806
1756195648667000000,book,B,110119.81,0.0
1756195648667000000,book,A,110507.54,0.12232
1756195648667000000,book,A,110507.7,0.0
1756195648767000000,book,B,110119.88,0.14151
1756195648767000000,book,B,109919.39,0.0001
1756195648767000000,book,A,110507.53,0.68404
1756195648767000000,book,A,110507.55,0.0
1756195648767000000,book,A,110698.86,0.0001
1756195648867000000,book,A,110507.52,0.00481
1756195648967000000,book,A,110507.51,0.68404
1756195648967000000,book,A,110507.52,0.0
1756195648967000000,book,A,110507.53,0.0
1756195649067000000,book,A,110507.51,0.0
1756195649067000000,book,A,110507.53,0.68404
1756195649168000000,book,A,110507.5,0.0
1756195649368000000,book,A,110507.52,0.00453
1756195649468000000,book,A,110507.51,0.68404
1756195649468000000,book,A,110507.52,0.0
1756195649468000000,book,A,110507.53,0.0
1756195649568000000,book,A,110507.51,0.0
1756195649568000000,book,A,110507.53,0.68404
1756195649668000000,book,A,110507.5,0.00453
1756195649668000000,book,A,110508.91,0.0
1756195649668000000,book,A,110511.13,0.0
1756195649768000000,book,A,110507.49,0.68404
1756195649768000000,book,A,110507.53,0.0
1756195649968000000,book,B,110119.89,0.00085
1756195649968000000,book,B,110119.86,0.0
1756195649968000000,book,B,110119.84,0.0
1756195649968000000,book,A,110507.48,0.00453
1756195649968000000,book,A,110507.5,0.0
1756195649968000000,book,A,110507.57,0.0
1756195650068000000,book,B,110119.9,0.08382
1756195650068000000,book,A,110507.46,0.006
1756195650068000000,book,A,110507.47,0.68404
1756195650068000000,book,A,110507.49,0.0
1756195650168000000,book,B,110119.91,0.14151
1756195650168000000,book,B,110119.88,0.0
1756195650168000000,book,A,110507.45,0.68404
1756195650168000000,book,A,110507.47,0.0
1756195650168000000,book,A,110507.48,0.0
1756195650268000000,book,A,110507.44,0.00453
1756195650368000000,book,A,110507.43,0.68404
1756195650368000000,book,A,110507.45,0.0
1756195650368000000,book,A,137936.03,0.00045
1756195650469000000,book,B,110119.92,0.00047
1756195650469000000,book,B,110119.85,0.0
1756195650469000000,book,A,110507.44,0.0
1756195650569000000,book,A,110507.42,0.00453
1756195650569000000,book,A,110507.43,0.0
1756195650569000000,book,A,110507.45,0.68404
1756195650669000000,book,A,110507.4,0.00922
1756195650669000000,book,A,110507.41,0.68404
1756195650669000000,book,A,110507.42,0.0
1756195650669000000,book,A,110507.45,0.0
1756195650669000000,book,A,110507.53,0.00265
1756195650769000000,book,A,110507.39,0.68404
1756195650769000000,book,A,110507.4,0.01375
1756195650769000000,book,A,110507.41,0.0
1756195650869000000,book,A,110507.4,0.00922
1756195651069000000,book,A,110507.38,0.00453
1756195651169000000,book,A,110507.37,0.68404
1756195651169000000,book,A,110507.39,0.0
1756195651369000000,book,A,110507.36,0.00453
1756195651369000000,book,A,110507.38,0.0
1756195651469000000,book,A,110507.35,0.68404
1756195651469000000,book,A,110507.37,0.0
1756195651469000000,book,A,137936.03,0.00045
1756195651569000000,book,A,110507.36,0.0
1756195651669000000,book,A,110507.34,0.00453
1756195651669000000,book,A,110507.35,0.0
1756195651669000000,book,A,110507.39,0.68404
1756195651769000000,book,A,110507.33,0.68404
1756195651769000000,book,A,110507.39,0.0
1756195651870000000,book,A,110507.34,0.0
1756195651970000000,book,A,110507.32,0.00453
1756195651970000000,book,A,110507.33,0.0
1756195651970000000,book,A,110507.39,0.68404
1756195652070000000,book,A,110507.31,0.68404
1756195652070000000,book,A,110507.32,0.0
1756195652070000000,book,A,110507.39,0.0
1756195652070000000,book,A,137936.03,0.00036
1756195652170000000,book,A,110507.31,0.0
1756195652170000000,book,A,110507.39,0.68404
1756195652270000000,book,A,110507.3,0.00453
1756195652370000000,book,A,110507.29,0.68404
1756195652370000000,book,A,110507.39,0.0
1756195652570000000,book,A,110507.3,0.0
1756195652670000000,book,A,110507.29,0.0
1756195652670000000,book,A,110507.39,0.68404
1756195652770000000,book,A,110507.28,0.00453
1756195652870000000,book,A,110507.27,0.68404
1756195652870000000,book,A,110507.39,0.0
1756195653070000000,book,A,110507.26,0.00453
1756195653070000000,book,A,110507.28,0.0
1756195653170000000,book,A,110507.25,0.68404
1756195653170000000,book,A,110507.27,0.0
1756195653271000000,book,A,110507.26,0.0
1756195653371000000,book,A,110507.24,0.00453
1756195653371000000,book,A,110507.25,0.0
1756195653371000000,book,A,110507.39,0.68404
1756195653471000000,book,A,110507.23,0.68404
1756195653471000000,book,A,110507.24,0.0
1756195653471000000,book,A,110507.39,0.0
1756195653571000000,book,A,110507.22,0.00453
1756195653571000000,book,A,110507.23,0.0
1756195653571000000,book,A,110507.39,0.68404
1756195653671000000,book,A,110507.21,0.68404
1756195653671000000,book,A,110507.39,0.0
1756195653771000000,book,A,110507.22,0.0
1756195653871000000,book,A,110507.2,0.00481
1756195653871000000,book,A,110507.21,0.0
1756195653871000000,book,A,110507.39,0.68404
1756195653971000000,book,A,110507.19,0.68404
1756195653971000000,book,A,110507.2,0.0
1756195653971000000,book,A,110507.39,0.0
1756195654071000000,book,A,110507.19,0.0
1756195654071000000,book,A,110507.39,0.68404
1756195654171000000,book,B,110119.9,0.0
1756195654171000000,book,A,110507.18,0.00481
1756195654171000000,book,A,110507.46,0.0
1756195654271000000,book,B,110119.93,0.08382
1756195654271000000,book,B,110119.91,0.0
1756195654271000000,book,B,110119.9,0.1001
1756195654271000000,book,B,110119.88,0.04141
1756195654271000000,book,A,110507.16,0.006
1756195654271000000,book,A,110507.17,0.68404
1756195654271000000,book,A,110507.39,0.0
1756195654371000000,book,B,110119.94,0.14151
1756195654371000000,book,B,110119.9,0.0
1756195654371000000,book,B,110119.88,0.0
1756195654371000000,book,A,110507.15,0.68404
1756195654371000000,book,A,110507.17,0.0
1756195654471000000,book,A,110507.18,0.0
1756195654572000000,book,B,110119.95,0.05806
1756195654572000000,book,B,110119.87,0.0
1756195654572000000,book,A,110507.14,0.12232
1756195654572000000,book,A,110507.54,0.0
1756195654672000000,book,B,110119.96,0.14151
1756195654672000000,book,B,110119.94,0.0
1756195654672000000,book,A,110507.12,0.00481
1756195654672000000,book,A,110507.13,0.68404
1756195654672000000,book,A,110507.15,0.0
1756195654772000000,book,A,110507.11,0.68404
1756195654772000000,book,A,110507.12,0.0
1756195654772000000,book,A,110507.13,0.0
1756195654872000000,book,A,110507.11,0.0
1756195654872000000,book,A,110507.13,0.68507
1756195654872000000,book,A,110507.67,0.0
1756195654872000000,book,A,137936.03,0.00027
1756195654972000000,book,A,110507.12,0.00453
1756195655072000000,book,A,110507.11,0.68404
1756195655072000000,book,A,110507.13,0.00103
1756195655172000000,book,A,110507.12,0.0
1756195655272000000,book,B,110119.97,0.08624
1756195655272000000,book,B,110108.93,0.0
1756195655272000000,book,A,110507.1,0.68404
1756195655272000000,book,A,110507.11,0.0
1756195655272000000,book,A,110507.12,0.0
1756195655272000000,book,A,110507.13,0.00103
1756195655372000000,book,B,110119.98,0.14151
1756195655372000000,book,B,110119.97,0.08252
1756195655372000000,book,B,110119.96,0.0
1756195655372000000,book,B,110119.89,0.0
1756195655372000000,book,A,110507.1,0.0
1756195655372000000,book,A,110507.12,0.1001
1756195655372000000,book,A,110507.13,0.58497
1756195655572000000,book,B,110119.99,0.01423
1756195655672000000,book,B,110120.0,0.14151
1756195655672000000,book,B,110119.98,0.0
1756195655872000000,book,B,110120.01,0.01423
1756195655872000000,book,B,110119.99,0.0
1756195655972000000,book,B,110120.02,0.14151
1756195655972000000,book,B,110120.0,0.0
1756195656073000000,book,B,110120.01,0.0
1756195656173000000,book,B,110120.02,0.0
1756195656173000000,book,B,110119.98,0.14151
1756195656473000000,book,B,110119.99,0.01423
1756195656573000000,book,B,110120.0,0.14151
1756195656573000000,book,B,110119.98,0.0
1756195656673000000,book,A,137936.03,0.00018
1756195656773000000,book,B,110119.99,0.0
1756195656873000000,book,B,110120.0,0.0
1756195656873000000,book,B,110119.98,0.14151
1756195656973000000,book,B,110120.01,0.01423
1756195657073000000,book,B,110120.02,0.14151
1756195657073000000,book,B,110119.98,0.0
1756195657273000000,book,B,110120.01,0.0
1756195657373000000,book,B,110120.02,0.0
1756195657373000000,book,B,110119.98,0.14151
1756195657474000000,book,B,110120.0,0.18069
1756195657474000000,book,B,110119.99,0.0
1756195657474000000,book,B,110119.95,0.0
1756195657474000000,book,B,110110.96,0.0
1756195657474000000,book,B,110097.0,0.0
1756195657474000000,book,A,110507.11,0.12232
1756195657474000000,book,A,110507.14,0.0
1756195657574000000,book,B,110120.01,0.14151
1756195657574000000,book,B,110120.0,0.19492
1756195657574000000,book,B,110119.98,0.0
1756195657574000000,book,A,110507.1,0.68404
1756195657574000000,book,A,110507.12,0.0
1756195657574000000,book,A,110507.13,0.00103
1756195657774000000,book,B,110120.0,0.18069
1756195657874000000,book,B,110120.03,0.05806
1756195657874000000,book,B,110120.02,0.01423
1756195657874000000,book,B,110120.0,0.12263
1756195657874000000,book,A,110507.09,0.12232
1756195657874000000,book,A,110507.11,0.0
1756195657874000000,book,A,137936.03,0.00018
1756195657974000000,book,B,110120.04,0.14151
1756195657974000000,book,B,110120.02,0.0
1756195657974000000,book,B,110120.01,0.0
1756195657974000000,book,A,110507.08,0.68404
1756195657974000000,book,A,110507.1,0.0
1756195658074000000,book,B,110120.05,0.01423
1756195658174000000,book,B,110120.06,0.14151
1756195658174000000,book,B,110120.05,0.0
1756195658174000000,book,B,110120.04,0.0
1756195658274000000,book,B,110120.07,0.14151
1756195658274000000,book,B,110120.06,0.0
1756195658274000000,book,B,110120.04,0.0
1756195658374000000,book,B,110120.07,0.01423
1756195658374000000,book,B,110120.04,0.14151
1756195658474000000,book,B,110120.08,0.14151
1756195658474000000,book,B,110120.04,0.0
1756195658474000000,book,B,110119.93,0.0
1756195658474000000,book,A,110507.16,0.0
1756195658574000000,book,B,110120.09,0.08382
1756195658574000000,book,A,110507.07,0.006
1756195658674000000,book,B,110120.11,0.01423
1756195658674000000,book,B,110120.1,0.14151
1756195658674000000,book,B,110120.08,0.0
1756195658674000000,book,B,110120.07,0.0
1756195658674000000,book,A,110507.06,0.68404
1756195658674000000,book,A,110507.08,0.0
1756195658774000000,book,B,110120.12,0.14151
1756195658774000000,book,B,110120.1,0.0
1756195658875000000,book,B,110120.11,0.0
1756195658975000000,book,B,110120.13,0.01423
1756195658975000000,book,B,110120.12,0.0
1756195658975000000,book,B,110120.11,0.00081
1756195658975000000,book,B,110120.1,0.14151
1756195658975000000,book,B,110119.97,0.08171
1756195659075000000,book,B,110120.14,0.14151
1756195659075000000,book,B,110120.1,0.0
1756195659175000000,book,B,110120.13,0.0
1756195659275000000,book,B,110120.15,0.01423
1756195659275000000,book,B,110120.14,0.0
1756195659275000000,book,B,110120.1,0.14151
1756195659375000000,book,B,110120.16,0.14151
1756195659375000000,book,B,110120.15,0.0
1756195659375000000,book,B,110120.1,0.0
1756195659475000000,book,B,110120.17,0.01423
1756195659475000000,book,B,110120.16,0.0
1756195659475000000,book,B,110120.1,0.14151
1756195659575000000,book,B,110120.18,0.14151
1756195659575000000,book,B,110120.17,0.0
1756195659575000000,book,B,110120.1,0.0
1756195659575000000,book,A,137936.03,9e-05
1756195659675000000,book,B,110120.18,0.0
1756195659675000000,book,B,110120.1,0.14151
1756195659775000000,book,B,110120.19,0.01423
1756195659875000000,book,B,110120.2,0.14151
1756195659875000000,book,B,110120.1,0.0
1756195660075000000,book,B,110120.19,0.0
1756195660075000000,book,A,110511.26,0.0
1756195660175000000,book,B,110120.2,0.0
1756195660175000000,book,B,110120.1,0.14151
1756195660276000000,book,A,137936.03,0.00018
1756195660376000000,book,B,110120.12,0.01423
1756195660476000000,book,B,110120.13,0.14151
1756195660476000000,book,B,110120.1,0.0
1756195660576000000,book,B,110120.12,0.0
1756195660676000000,book,B,110120.14,0.01423
1756195660676000000,book,B,110120.13,0.0
1756195660676000000,book,B,110120.1,0.14151
1756195660776000000,book,B,110120.15,0.14151
1756195660776000000,book,B,110120.14,0.0
1756195660776000000,book,B,110120.1,0.0
1756195660776000000,book,A,110507.05,0.00103
1756195660776000000,book,A,110507.13,0.0
1756195660876000000,book,B,110120.16,0.01423
1756195660876000000,book,B,110120.15,0.0
1756195660876000000,book,B,110120.1,0.14151
1756195660876000000,book,A,110507.04,0.1001
1756195660876000000,book,A,110507.06,0.58394
1756195660976000000,book,B,110120.17,0.14151
1756195660976000000,book,B,110120.16,0.0
1756195660976000000,book,B,110120.1,0.0
1756195661076000000,book,B,110120.17,0.0
1756195661076000000,book,B,110120.1,0.14151
1756195661176000000,book,B,110120.18,0.01423
1756195661276000000,book,B,110120.19,0.14151
1756195661276000000,book,B,110120.1,0.0
1756195661476000000,book,B,110120.18,0.0
1756195661577000000,book,B,110120.2,0.01423
1756195661577000000,book,B,110120.19,0.0
1756195661577000000,book,B,110120.1,0.14151
1756195661677000000,book,B,110120.21,0.14151
1756195661677000000,book,B,110120.2,0.01504
1756195661677000000,book,B,110120.11,0.0
1756195661677000000,book,B,110120.1,0.0
1756195661777000000,book,B,110120.2,0.00081
1756195661877000000,book,B,110120.21,0.0
1756195661877000000,book,B,110120.1,0.14151
1756195662077000000,book,B,110120.21,0.01423
1756195662177000000,book,B,110120.22,0.14151
1756195662177000000,book,B,110120.21,0.0
1756195662177000000,book,B,110120.1,0.0
1756195662277000000,book,B,110120.22,0.0
1756195662277000000,book,B,110120.1,0.14151
1756195662377000000,book,B,110120.23,0.01423
1756195662477000000,book,B,110120.24,0.14151
1756195662477000000,book,B,110120.1,0.0
1756195662577000000,book,B,110120.09,0.0
1756195662577000000,book,A,110507.07,0.0
1756195662577000000,book,A,137936.03,0.00027
1756195662677000000,book,B,110120.25,0.09805
1756195662677000000,book,B,110120.23,0.0
1756195662677000000,book,B,110119.11,0.0
1756195662677000000,book,B,110119.1,0.0
1756195662677000000,book,B,110119.09,0.0
1756195662677000000,book,B,110119.08,0.0
1756195662677000000,book,A,110507.03,0.006
1756195662677000000,book,A,110507.06,0.0
1756195662677000000,book,A,110507.08,0.58394
1756195662777000000,book,B,110120.26,0.14151
1756195662777000000,book,B,110120.24,0.0
1756195662777000000,book,A,110507.02,0.68404
1756195662777000000,book,A,110507.04,0.0
1756195662777000000,book,A,110507.08,0.0
1756195662877000000,book,B,110120.25,0.08382
1756195662977000000,book,B,110120.27,0.01423
1756195663078000000,book,B,110120.28,0.14151
1756195663078000000,book,B,110120.26,0.0
1756195663178000000,book,B,110120.27,0.0
1756195663278000000,book,B,110120.29,0.01423
1756195663278000000,book,B,110120.28,0.0
1756195663278000000,book,B,110120.26,0.14151
1756195663378000000,book,B,110120.3,0.14151
1756195663378000000,book,B,110120.29,0.0
1756195663378000000,book,B,110120.26,0.0
1756195663478000000,book,B,110120.3,0.0
1756195663478000000,book,B,110120.27,0.05806
1756195663478000000,book,B,110120.26,0.14151
1756195663478000000,book,B,110120.03,0.0
1756195663478000000,book,A,110507.01,0.12232
1756195663478000000,book,A,110507.09,0.0
1756195663578000000,book,B,110120.31,0.01423
1756195663578000000,book,B,110120.28,0.14151
1756195663578000000,book,B,110120.26,0.0
1756195663578000000,book,A,110507.0,0.68404
1756195663578000000,book,A,110507.02,0.0
1756195663678000000,book,B,110120.33,0.00929
1756195663678000000,book,B,110120.32,0.14151
1756195663678000000,book,B,110120.28,0.0
1756195663678000000,book,B,110120.21,0.00419
1756195663678000000,book,B,110120.01,0.00868
1756195663778000000,book,B,110120.34,0.14151
1756195663778000000,book,B,110120.32,0.0
1756195663878000000,book,B,110120.31,0.0
1756195664178000000,book,B,110120.35,0.01423
1756195664278000000,book,B,110120.36,0.14151
1756195664278000000,book,B,110120.35,0.0
1756195664278000000,book,B,110120.34,0.0
1756195664378000000,book,B,110120.37,0.01423
1756195664378000000,book,B,110120.36,0.0
1756195664378000000,book,B,110120.34,0.14151
1756195664479000000,book,B,110120.38,0.14151
1756195664479000000,book,B,110120.34,0.0
1756195664579000000,book,B,110120.37,0.0
1756195664579000000,book,A,110526.96,0.02888
1756195664679000000,book,B,110120.39,0.01423
1756195664679000000,book,B,110120.38,0.0
1756195664679000000,book,B,110120.34,0.14151
1756195664779000000,book,B,110120.4,0.14151
1756195664779000000,book,B,110120.39,0.0
1756195664779000000,book,B,110120.34,0.0
1756195664779000000,book,B,110120.2,0.0
1756195664879000000,book,B,110120.41,0.00077
1756195664879000000,book,B,110120.4,0.0
1756195664879000000,book,B,110120.34,0.14151
1756195664879000000,book,A,137936.03,0.00036
1756195664979000000,book,B,110120.41,0.015
1756195665079000000,book,B,110120.42,0.14151
1756195665079000000,book,B,110120.34,0.0
1756195665279000000,book,B,110120.43,0.01423
1756195665279000000,book,B,110120.41,0.00077
1756195665379000000,book,B,110120.44,0.14151
1756195665379000000,book,B,110120.42,0.0
1756195665479000000,book,B,110120.43,0.0
1756195665579000000,book,B,110120.45,0.01423
1756195665579000000,book,B,110120.44,0.0
1756195665579000000,book,B,110120.34,0.14151
1756195665679000000,book,B,110120.46,0.14151
1756195665679000000,book,B,110120.45,0.0
1756195665679000000,book,B,110120.34,0.0
1756195665779000000,book,B,110120.46,0.0
1756195665779000000,book,B,110120.34,0.14151
1756195665779000000,book,A,137936.03,0.00027
1756195665880000000,book,B,110120.47,0.01423
1756195665980000000,book,B,110120.48,0.14151
1756195665980000000,book,B,110120.34,0.0
1756195666180000000,book,B,110120.47,0.0
1756195666280000000,book,B,110120.49,0.01423
1756195666280000000,book,B,110120.48,0.0
1756195666280000000,book,B,110120.34,0.14151
1756195666380000000,book,B,110120.5,0.14151
1756195666380000000,book,B,110120.49,0.0
1756195666380000000,book,B,110120.34,0.0
1756195666480000000,book,B,110120.51,0.01423
1756195666480000000,book,B,110120.5,0.0
1756195666480000000,book,B,110120.34,0.14151
1756195666580000000,book,B,110120.52,0.14151
1756195666580000000,book,B,110120.41,0.0
1756195666580000000,book,B,110120.34,0.0
1756195666680000000,book,B,110120.51,0.0
1756195666680000000,book,B,110119.15,0.0
1756195666780000000,book,B,110120.53,0.01423
1756195666780000000,book,B,110120.52,0.0
1756195666780000000,book,B,110120.34,0.14151
1756195666780000000,book,B,110120.25,0.0
1756195666780000000,book,A,110507.03,0.0
1756195666880000000,book,B,110120.54,0.22533
1756195666880000000,book,B,110120.53,0.0
1756195666880000000,book,B,110120.34,0.0
1756195666880000000,book,A,110506.99,0.006
1756195666980000000,book,A,110506.98,0.68404
1756195666980000000,book,A,110507.0,0.0
1756195667080000000,book,B,110120.55,0.01423
1756195667180000000,book,B,110120.56,0.14151
1756195667180000000,book,B,110120.54,0.08382
1756195667180000000,book,A,137936.03,0.00036
1756195667381000000,book,B,110120.57,0.01423
1756195667381000000,book,B,110120.55,0.0
1756195667481000000,book,B,110120.58,0.14151
1756195667481000000,book,B,110120.56,0.0
1756195667581000000,book,B,110120.57,0.0
1756195667681000000,book,B,110120.59,0.01423
1756195667681000000,book,B,110120.58,0.0
1756195667681000000,book,B,110120.55,0.14151
1756195667781000000,book,B,110120.6,0.14151
1756195667781000000,book,B,110120.55,0.0
1756195667881000000,book,B,110120.59,0.0
1756195667881000000,book,A,137936.03,0.00036
1756195667981000000,book,B,110120.61,0.01423
1756195667981000000,book,B,110120.6,0.0
1756195667981000000,book,B,110120.55,0.14151
1756195668081000000,book,B,110120.62,0.14151
1756195668081000000,book,B,110120.55,0.0
1756195668281000000,book,B,110120.61,0.0
1756195668381000000,book,B,110120.63,0.01423
1756195668381000000,book,B,110120.62,0.0
1756195668381000000,book,B,110120.55,0.14151
1756195668481000000,book,B,110120.64,0.14151
1756195668481000000,book,B,110120.55,0.0
1756195668582000000,book,B,110120.65,0.01423
1756195668582000000,book,B,110120.63,0.0
1756195668682000000,book,B,110120.67,0.00331
1756195668682000000,book,B,110120.66,0.14151
1756195668682000000,book,B,110120.64,0.0
1756195668782000000,book,B,110120.68,0.14151
1756195668782000000,book,B,110120.66,0.0
1756195668782000000,book,B,110120.65,0.0
1756195668882000000,book,B,110120.68,0.15574
1756195669382000000,book,B,110120.69,0.05806
1756195669382000000,book,B,110120.27,0.0
1756195669382000000,book,A,110506.97,0.12232
1756195669382000000,book,A,110507.01,0.0
1756195669482000000,book,B,110120.7,0.14151
1756195669482000000,book,B,110120.68,0.0
1756195669482000000,book,A,110506.96,0.68404
1756195669482000000,book,A,110506.98,0.0
1756195669582000000,book,B,110120.71,0.01423
1756195669682000000,book,B,110120.72,0.14151
1756195669682000000,book,B,110120.71,0.0
1756195669682000000,book,B,110120.7,0.0
1756195669782000000,book,B,110120.73,0.01423
1756195669782000000,book,B,110120.72,0.0
1756195669782000000,book,B,110120.7,0.14151
1756195669882000000,book,B,110120.74,0.14151
1756195669882000000,book,B,110120.7,0.0
1756195669983000000,book,B,110120.73,0.0
1756195670083000000,book,B,110120.75,0.01423
1756195670083000000,book,B,110120.74,0.0
1756195670083000000,book,B,110120.7,0.14151
1756195670083000000,book,A,110526.96,0.0
1756195670183000000,book,B,110120.76,0.14151
1756195670183000000,book,B,110120.75,0.0
1756195670183000000,book,B,110120.7,0.0
1756195670283000000,book,B,110120.76,0.0
1756195670283000000,book,B,110120.7,0.14151
1756195670383000000,book,B,110120.77,0.01423
1756195670483000000,book,B,110120.78,0.14151
1756195670483000000,book,B,110120.7,0.0
1756195670683000000,book,B,110120.79,0.01423
1756195670683000000,book,B,110120.77,0.0
1756195670783000000,book,B,110120.8,0.14151
1756195670783000000,book,B,110120.78,0.0
1756195670883000000,book,B,110120.79,0.0
1756195670983000000,book,B,110120.81,0.01423
1756195670983000000,book,B,110120.8,0.0
1756195670983000000,book,B,110120.7,0.14151
1756195670983000000,book,B,110120.54,0.0
1756195670983000000,book,A,110506.99,0.0
1756195670983000000,book,A,137936.03,0.00036
1756195671083000000,book,B,110120.83,0.08382
1756195671083000000,book,B,110120.82,0.14151
1756195671083000000,book,B,110120.81,0.0
1756195671083000000,book,B,110120.7,0.0
1756195671083000000,book,A,110506.95,0.00103
1756195671083000000,book,A,110506.96,0.69004
1756195671083000000,book,A,110507.05,0.0
1756195671183000000,book,B,110120.84,0.14151
1756195671183000000,book,B,110120.82,0.0
1756195671183000000,book,A,110506.94,0.1001
1756195671183000000,book,A,110506.96,0.58994
1756195671284000000,book,B,110120.84,0.15574
1756195671484000000,book,B,110120.85,0.00373
1756195671584000000,book,B,110120.86,0.14151
1756195671584000000,book,B,110120.84,0.0
1756195671684000000,book,B,110120.87,0.01423
1756195671784000000,book,B,110120.88,0.14151
1756195671784000000,book,B,110120.87,0.0
1756195671784000000,book,B,110120.86,0.0
1756195671884000000,book,B,110120.89,0.01423
1756195671884000000,book,B,110120.88,0.0
1756195671884000000,book,B,110120.86,0.14151
1756195671984000000,book,B,110120.9,0.14151
1756195671984000000,book,B,110120.86,0.0
1756195672084000000,book,B,110120.89,0.0
1756195672184000000,book,B,110120.91,0.01423
1756195672184000000,book,B,110120.9,0.0
1756195672184000000,book,B,110120.86,0.14151
1756195672284000000,book,B,110120.92,0.14151
1756195672284000000,book,B,110120.91,0.0
1756195672284000000,book,B,110120.86,0.0
1756195672384000000,book,B,110120.92,0.0
1756195672384000000,book,B,110120.87,0.00163
1756195672384000000,book,B,110120.86,0.14151
1756195672384000000,book,B,110119.92,0.0
1756195672484000000,book,B,110120.93,0.01423
1756195672484000000,book,B,110120.88,0.1001
1756195672484000000,book,B,110120.86,0.04141
1756195672584000000,book,B,110120.94,0.14151
1756195672584000000,book,B,110120.88,0.0
1756195672584000000,book,B,110120.86,0.0
1756195672685000000,book,B,110119.25,0.0
1756195672785000000,book,B,110120.95,0.01423
1756195672785000000,book,B,110120.93,0.0
1756195672885000000,book,B,110120.96,0.14151
1756195672885000000,book,B,110120.94,0.0
1756195672985000000,book,B,110120.95,0.0
1756195673085000000,book,B,110120.97,0.01423
1756195673085000000,book,B,110120.96,0.0
1756195673085000000,book,B,110120.88,0.1001
1756195673085000000,book,B,110120.86,0.04141
1756195673185000000,book,B,110120.98,0.14151
1756195673185000000,book,B,110120.97,0.0
1756195673185000000,book,B,110120.88,0.0
1756195673185000000,book,B,110120.86,0.0
1756195673285000000,book,B,110120.99,0.01423
1756195673285000000,book,B,110120.98,0.0
1756195673285000000,book,B,110120.88,0.1001
1756195673285000000,book,B,110120.86,0.04141
1756195673285000000,book,A,110506.93,0.00103
1756195673285000000,book,A,110506.95,0.0
1756195673285000000,book,A,137936.03,0.00036
1756195673385000000,book,B,110121.0,0.14151
1756195673385000000,book,B,110120.88,0.0
1756195673385000000,book,B,110120.86,0.0
1756195673385000000,book,A,110506.92,0.1001
1756195673385000000,book,A,110506.94,0.0
1756195673485000000,book,B,110120.99,0.0
1756195673585000000,book,B,110121.0,0.0
1756195673585000000,book,B,110120.88,0.1001
1756195673585000000,book,B,110120.86,0.04141
1756195673685000000,book,B,110121.02,0.00209
1756195673685000000,book,B,110121.01,0.01423
1756195673785000000,book,B,110121.03,0.14151
1756195673785000000,book,B,110121.02,0.00582
1756195673785000000,book,B,110120.88,0.0
1756195673785000000,book,B,110120.86,0.0
1756195673785000000,book,B,110120.85,0.0
1756195673985000000,book,B,110121.04,0.01423
1756195673985000000,book,B,110121.01,0.0
1756195673985000000,book,A,137936.03,0.00045
1756195674086000000,book,B,110121.05,0.14151
1756195674086000000,book,B,110121.03,0.0
1756195674186000000,book,B,110121.04,0.0
1756195674286000000,book,B,110121.05,0.0
1756195674286000000,book,B,110121.03,0.14151
1756195674486000000,book,B,110121.04,0.01423
1756195674586000000,book,B,110121.05,0.14151
1756195674586000000,book,B,110121.04,0.0
1756195674586000000,book,B,110121.03,0.0
1756195674686000000,book,B,110121.05,0.0
1756195674686000000,book,B,110121.04,0.00163
1756195674686000000,book,B,110121.03,0.14151
1756195674686000000,book,B,110120.87,0.0
1756195674686000000,book,A,110506.91,0.029
1756195674786000000,book,B,110121.06,0.01423
1756195674786000000,book,B,110121.05,0.1001
1756195674786000000,book,B,110121.03,0.04141
1756195674786000000,book,A,110506.9,0.68404
1756195674786000000,book,A,110506.92,0.0
1756195674786000000,book,A,110506.96,0.006
1756195674886000000,book,B,110121.07,0.14151
1756195674886000000,book,B,110121.06,0.0
1756195674886000000,book,B,110121.05,0.0
1756195674886000000,book,B,110121.03,0.0
1756195674986000000,book,B,110121.07,0.0
1756195674986000000,book,B,110121.05,0.1001
1756195674986000000,book,B,110121.03,0.04141
1756195674986000000,book,A,137936.03,0.00045
1756195675086000000,book,B,110121.08,0.01423
1756195675186000000,book,B,110121.09,0.14151
1756195675186000000,book,B,110121.05,0.0
1756195675186000000,book,B,110121.03,0.0
1756195675186000000,book,B,110120.83,0.0
1756195675186000000,book,A,110506.96,0.0
1756195675286000000,book,B,110121.11,0.05806
1756195675286000000,book,B,110121.1,0.08382
1756195675286000000,book,B,110121.08,0.0
1756195675286000000,book,B,110120.69,0.0
1756195675286000000,book,B,110120.0,0.0
1756195675286000000,book,B,110115.0,0.12263
1756195675286000000,book,A,110506.88,0.12232
1756195675286000000,book,A,110506.89,0.006
1756195675286000000,book,A,110506.97,0.0
1756195675387000000,book,B,110121.12,0.15574
1756195675387000000,book,B,110121.09,0.0
1756195675387000000,book,A,110506.87,0.68404
1756195675387000000,book,A,110506.9,0.0
1756195675587000000,book,A,110506.86,0.00103
1756195675587000000,book,A,110506.93,0.0
1756195675687000000,book,A,110506.85,0.1001
1756195675687000000,book,A,110506.87,0.58394
1756195675987000000,book,B,110121.13,0.00373
1756195675987000000,book,B,110121.02,0.00209
1756195676087000000,book,B,110121.14,0.14151
1756195676087000000,book,B,110121.12,0.01423
1756195676187000000,book,A,137936.03,0.00036
1756195676287000000,book,B,110121.12,0.0
1756195676387000000,book,B,110121.15,0.01423
1756195676487000000,book,B,110121.16,0.14151
1756195676487000000,book,B,110121.15,0.0
1756195676487000000,book,B,110121.14,0.0
1756195676587000000,book,B,110121.17,0.01423
1756195676587000000,book,B,110121.16,0.0
1756195676587000000,book,B,110121.14,0.14151
1756195676688000000,book,B,110121.18,0.14151
1756195676688000000,book,B,110121.14,0.0
1756195676788000000,book,B,110121.17,0.0
1756195676888000000,book,B,110121.19,0.01423
1756195676888000000,book,B,110121.18,0.0
1756195676888000000,book,B,110121.14,0.14151
1756195676988000000,book,B,110121.2,0.14151
1756195676988000000,book,B,110121.19,0.00163
1756195676988000000,book,B,110121.14,0.0
1756195676988000000,book,B,110121.04,0.0
1756195677088000000,book,B,110121.2,0.1001
1756195677088000000,book,B,110121.14,0.04141
1756195677188000000,book,B,110121.21,0.01423
1756195677288000000,book,B,110121.22,0.14151
1756195677288000000,book,B,110121.2,0.0
1756195677288000000,book,B,110121.14,0.0
1756195677488000000,book,B,110121.23,0.01423
1756195677488000000,book,B,110121.21,0.0
1756195677588000000,book,B,110121.24,0.14151
1756195677588000000,book,B,110121.22,0.0
1756195677688000000,book,B,110121.23,0.0
1756195677788000000,book,B,110121.25,0.01423
1756195677788000000,book,B,110121.24,0.0
1756195677788000000,book,B,110121.2,0.1001
1756195677788000000,book,B,110121.14,0.04141
1756195677888000000,book,B,110121.26,0.14151
1756195677888000000,book,B,110121.25,0.0
1756195677888000000,book,B,110121.2,0.0
1756195677888000000,book,B,110121.14,0.0
1756195677988000000,book,B,110121.26,0.0
1756195677988000000,book,B,110121.2,0.1001
1756195677988000000,book,B,110121.14,0.04141
1756195678089000000,book,B,110121.27,0.15574
1756195678089000000,book,B,110121.2,0.0
1756195678089000000,book,B,110121.14,0.0
1756195679189000000,book,A,110506.84,0.00103
1756195679189000000,book,A,110506.86,0.0
1756195679289000000,book,A,110506.83,0.1001
1756195679289000000,book,A,110506.85,0.0
1756195679389000000,book,B,110121.1,0.0
1756195679389000000,book,A,110506.89,0.0
1756195679490000000,book,B,110121.28,0.08382
1756195679490000000,book,A,110506.82,0.006
1756195679490000000,book,A,137936.03,0.00027
1756195679590000000,book,B,110121.29,0.15574
1756195679590000000,book,B,110121.27,0.0
1756195679590000000,book,A,110506.81,0.68404
1756195679590000000,book,A,110506.83,0.0
1756195679590000000,book,A,110506.87,0.0
1756195680090000000,book,B,110121.3,0.00373
1756195680090000000,book,B,110121.13,0.0
1756195680190000000,book,B,110121.31,0.14151
1756195680190000000,book,B,110121.29,0.01423
1756195680290000000,book,B,110121.32,0.01423
1756195680290000000,book,B,110121.29,0.0
1756195680390000000,book,B,110121.33,0.14151
1756195680390000000,book,B,110121.31,0.0
1756195680490000000,book,B,110121.32,0.0
1756195680590000000,book,B,110121.34,0.01423
1756195680590000000,book,B,110121.33,0.0
1756195680590000000,book,B,110121.31,0.14151
1756195680690000000,book,B,110121.35,0.14151
1756195680690000000,book,B,110121.31,0.0
1756195680790000000,book,B,110121.36,0.01423
1756195680790000000,book,B,110121.34,0.0
1756195680890000000,book,B,110121.37,0.14151
1756195680890000000,book,B,110121.35,0.0
1756195680991000000,book,B,110121.36,0.00163
1756195680991000000,book,B,110121.19,0.0
1756195681091000000,book,B,110121.38,0.01423
1756195681091000000,book,B,110121.37,0.1001
1756195681091000000,book,B,110121.31,0.04141
1756195681191000000,book,B,110121.4,0.05806
1756195681191000000,book,B,110121.39,0.14151
1756195681191000000,book,B,110121.38,0.0
1756195681191000000,book,B,110121.37,0.0
1756195681191000000,book,B,110121.31,0.0
1756195681191000000,book,B,110121.11,0.0
1756195681191000000,book,A,110506.8,0.12232
1756195681191000000,book,A,110506.88,0.0
1756195681291000000,book,B,110121.41,0.14151
1756195681291000000,book,B,110121.39,0.0
1756195681291000000,book,A,110506.79,0.68404
1756195681291000000,book,A,110506.81,0.0
1756195681391000000,book,B,110121.4,0.07229
1756195681391000000,book,A,110506.84,0.0
1756195681391000000,book,A,137936.03,0.00018
1756195681491000000,book,B,110121.4,0.05806
1756195681491000000,book,A,110506.78,0.00103
1756195681591000000,book,A,110506.77,0.1001
1756195681591000000,book,A,110506.79,0.58394
1756195681691000000,book,B,110121.42,0.01423
1756195681791000000,book,B,110121.43,0.14151
1756195681791000000,book,B,110121.41,0.0
1756195681891000000,book,B,110121.42,0.0
1756195681991000000,book,B,110121.44,0.01423
1756195681991000000,book,B,110121.43,0.0
1756195681991000000,book,B,110121.41,0.14151
1756195682091000000,book,B,110121.45,0.14151
1756195682091000000,book,B,110121.41,0.0
1756195682191000000,book,B,110121.44,0.0
1756195682292000000,book,B,110121.45,0.0
1756195682292000000,book,B,110121.41,0.14151
1756195682392000000,book,A,137936.03,0.00018
1756195682792000000,book,B,110121.42,0.01796
1756195682792000000,book,B,110121.3,0.0
1756195682892000000,book,B,110121.43,0.14151
1756195682892000000,book,B,110121.41,0.0
1756195682992000000,book,A,137936.03,9e-05
1756195683092000000,book,B,110121.42,0.00373
1756195683192000000,book,B,110121.44,0.01423
1756195683292000000,book,B,110121.45,0.14151
1756195683292000000,book,B,110121.44,0.0
1756195683292000000,book,B,110121.43,0.0
1756195683392000000,book,B,110121.45,0.0
1756195683392000000,book,B,110121.43,0.14151
1756195683592000000,book,B,110121.28,0.0
1756195683592000000,book,A,110506.82,0.0
1756195683693000000,book,B,110121.45,0.08382
1756195683693000000,book,B,110121.44,0.01423
1756195683693000000,book,A,110506.76,0.00103
1756195683693000000,book,A,110506.78,0.0
1756195683793000000,book,B,110121.46,0.14151
1756195683793000000,book,B,110121.44,0.0
1756195683793000000,book,B,110121.43,0.0
1756195683793000000,book,A,110506.75,0.1061
1756195683793000000,book,A,110506.77,0.0
1756195683893000000,book,A,110506.74,0.58394
1756195683893000000,book,A,110506.79,0.0
1756195684493000000,book,B,110121.47,0.01423
1756195684593000000,book,B,110121.48,0.14151
1756195684593000000,book,B,110121.46,0.0
1756195684593000000,book,A,137936.03,0.00018
1756195684693000000,book,B,110121.47,0.0
1756195684793000000,book,B,110121.48,0.0
1756195684793000000,book,B,110121.46,0.14151
1756195684994000000,book,B,110121.47,0.01423
1756195685094000000,book,B,110121.48,0.14151
1756195685094000000,book,B,110121.46,0.0
1756195685194000000,book,B,110121.47,0.0
1756195685294000000,book,B,110121.49,0.01423
1756195685294000000,book,B,110121.48,0.0
1756195685294000000,book,B,110121.46,0.14151
1756195685394000000,book,B,110121.5,0.14151
1756195685394000000,book,B,110121.49,0.0
1756195685394000000,book,B,110121.46,0.0
1756195685494000000,book,B,110121.5,0.0
1756195685494000000,book,B,110121.46,0.14151
1756195685594000000,book,B,110121.51,0.01423
1756195685694000000,book,B,110121.52,0.14151
1756195685694000000,book,B,110121.46,0.0
1756195685894000000,book,B,110121.51,0.0
1756195685894000000,book,B,110121.42,0.0
1756195685994000000,book,B,110121.53,0.01771
1756195685994000000,book,B,110121.52,0.0
1756195685994000000,book,B,110121.46,0.14151
1756195686094000000,book,B,110121.54,0.14151
1756195686094000000,book,B,110121.46,0.0
1756195686194000000,book,B,110121.55,0.01423
1756195686194000000,book,B,110121.53,0.00348
1756195686294000000,book,B,110121.56,0.14151
1756195686294000000,book,B,110121.54,0.0
1756195686395000000,book,B,110121.57,0.05806
1756195686395000000,book,B,110121.55,0.0
1756195686395000000,book,B,110121.4,0.0
1756195686395000000,book,A,110506.73,0.12232
1756195686395000000,book,A,110506.8,0.0
1756195686495000000,book,B,110121.58,0.14151
1756195686495000000,book,B,110121.57,0.06359
1756195686495000000,book,B,110121.56,0.0
1756195686495000000,book,A,110506.72,0.68404
1756195686495000000,book,A,110506.74,0.0
1756195686495000000,book,A,110506.75,0.006
1756195686595000000,book,B,110121.57,0.05806
1756195686595000000,book,A,110506.91,0.0
1756195686595000000,book,A,110526.96,0.0258
1756195686695000000,book,B,110119.6,0.0
1756195686695000000,book,B,110119.57,0.0
1756195686795000000,book,B,110121.59,0.00442
1756195686895000000,book,B,110121.6,0.14151
1756195686895000000,book,B,110121.58,0.0
1756195686895000000,book,A,110506.71,0.00103
1756195686895000000,book,A,110506.76,0.0
1756195686995000000,book,A,110506.7,0.1001
1756195686995000000,book,A,110506.72,0.58394
1756195687095000000,book,B,110121.61,0.01423
1756195687095000000,book,B,110121.59,0.0
1756195687195000000,book,B,110121.62,0.14151
1756195687195000000,book,B,110121.6,0.0
1756195687295000000,book,B,110121.61,0.0
1756195687295000000,book,A,137936.03,0.00027
1756195687395000000,book,B,110121.63,0.01519
1756195687395000000,book,B,110121.62,0.0
1756195687395000000,book,B,110121.58,0.14151
1756195687495000000,book,B,110121.64,0.14151
1756195687495000000,book,B,110121.58,0.0
1756195687595000000,book,B,110121.65,0.01519
1756195687595000000,book,B,110121.63,0.0
1756195687696000000,book,B,110121.67,0.00798
1756195687696000000,book,B,110121.66,0.14151
1756195687696000000,book,B,110121.64,0.0
1756195687696000000,book,B,110121.46,0.00727
1756195687796000000,book,B,110121.68,0.14151
1756195687796000000,book,B,110121.66,0.0
1756195687796000000,book,B,110121.65,0.00163
1756195687796000000,book,B,110121.36,0.0
1756195687896000000,book,B,110121.45,0.0
1756195687896000000,book,A,110506.75,0.0
1756195687996000000,book,B,110121.68,0.22533
1756195687996000000,book,A,110506.69,0.006
1756195688096000000,book,A,110506.68,0.68404
1756195688096000000,book,A,110506.7,0.0
1756195688096000000,book,A,110506.72,0.0
1756195688196000000,book,B,110121.69,0.01098
1756195688296000000,book,B,110121.7,0.14151
1756195688296000000,book,B,110121.68,0.08382
1756195688496000000,book,B,110121.69,0.0
1756195688596000000,book,B,110121.7,0.0
1756195688596000000,book,B,110121.69,0.14151
1756195688696000000,book,B,110121.7,0.01519
1756195688796000000,book,B,110121.71,0.14151
1756195688796000000,book,B,110121.69,0.0
1756195688996000000,book,B,110121.72,0.01519
1756195688996000000,book,B,110121.7,0.0
1756195689097000000,book,B,110121.73,0.14151
1756195689097000000,book,B,110121.72,0.00373
1756195689097000000,book,B,110121.71,0.0
1756195689097000000,book,B,110121.53,0.0
1756195689297000000,book,B,110121.74,0.01028
1756195689397000000,book,B,110121.75,0.14151
1756195689397000000,book,B,110121.74,0.0
1756195689397000000,book,B,110121.73,0.0
1756195689497000000,book,B,110121.76,0.01519
1756195689497000000,book,B,110121.75,0.0
1756195689497000000,book,B,110121.73,0.14151
1756195689497000000,book,A,137936.03,0.00036
1756195689597000000,book,B,110121.77,0.14151
1756195689597000000,book,B,110121.73,0.0
1756195689697000000,book,B,110121.76,0.0
1756195689797000000,book,B,110121.78,0.01519
1756195689797000000,book,B,110121.77,0.0
1756195689797000000,book,B,110121.73,0.14151
1756195689897000000,book,B,110121.79,0.14151
1756195689897000000,book,B,110121.78,0.0
1756195689897000000,book,B,110121.73,0.0
1756195689997000000,book,B,110121.79,0.0
1756195689997000000,book,B,110121.73,0.14151
1756195690097000000,book,B,110121.81,0.18069
1756195690097000000,book,B,110121.8,0.01519
1756195690097000000,book,B,110121.57,0.0
1756195690097000000,book,B,110115.0,0.0
1756195690097000000,book,A,110506.67,0.12232
1756195690097000000,book,A,110506.73,0.0
1756195690197000000,book,B,110121.82,0.14151
1756195690197000000,book,B,110121.73,0.0
1756195690197000000,book,A,110506.66,0.68404
1756195690197000000,book,A,110506.68,0.0
1756195690398000000,book,B,110121.83,0.01423
1756195690398000000,book,B,110121.8,0.0
1756195690398000000,book,A,137936.03,0.00027
1756195690498000000,book,B,110121.84,0.14151
1756195690498000000,book,B,110121.82,0.0
1756195690598000000,book,B,110121.83,0.0
1756195690698000000,book,B,110121.85,0.01519
1756195690698000000,book,B,110121.84,0.0
1756195690698000000,book,B,110121.82,0.14151
1756195690798000000,book,B,110121.86,0.14151
1756195690798000000,book,B,110121.85,0.0
1756195690798000000,book,B,110121.82,0.0
1756195690898000000,book,B,110121.87,0.01519
1756195690898000000,book,B,110121.86,0.0
1756195690898000000,book,B,110121.82,0.14151
1756195690998000000,book,B,110121.88,0.14151
1756195690998000000,book,B,110121.82,0.0
1756195691098000000,book,B,110121.87,0.0
1756195691198000000,book,B,110121.89,0.01519
1756195691198000000,book,B,110121.88,0.0
1756195691198000000,book,B,110121.82,0.14151
1756195691298000000,book,B,110121.9,0.14151
1756195691298000000,book,B,110121.89,0.0
1756195691298000000,book,B,110121.82,0.0
1756195691398000000,book,B,110121.9,0.0
1756195691398000000,book,B,110121.82,0.14151
1756195691398000000,book,A,137936.03,0.00036
1756195691498000000,book,B,110121.91,0.01519
1756195691598000000,book,B,110121.92,0.14151
1756195691598000000,book,B,110121.82,0.0
1756195691799000000,book,B,110121.91,0.0
1756195691899000000,book,B,110121.92,0.0
1756195691899000000,book,B,110121.82,0.14151
1756195691999000000,book,B,110121.83,0.01519
1756195692099000000,book,B,110121.84,0.14151
1756195692099000000,book,B,110121.82,0.0
1756195692099000000,book,B,110121.68,0.0
1756195692099000000,book,A,110506.69,0.0
1756195692199000000,book,B,110121.85,0.08382
1756195692199000000,book,A,110506.65,0.006
1756195692299000000,book,B,110121.86,0.14151
1756195692299000000,book,B,110121.84,0.0
1756195692299000000,book,B,110121.83,0.0
1756195692299000000,book,A,110506.64,0.68404
1756195692299000000,book,A,110506.66,0.0
1756195692599000000,book,B,110121.87,0.01519
1756195692699000000,book,B,110121.88,0.14151
1756195692699000000,book,B,110121.87,0.0
1756195692699000000,book,B,110121.86,0.0
1756195692799000000,book,B,110121.89,0.01519
1756195692799000000,book,B,110121.88,0.0
1756195692799000000,book,B,110121.86,0.14151
1756195692899000000,book,B,110121.9,0.14151
1756195692899000000,book,B,110121.86,0.0
1756195692999000000,book,B,110121.89,0.0
1756195693100000000,book,B,110121.91,0.01519
1756195693100000000,book,B,110121.9,0.0
1756195693100000000,book,B,110121.86,0.14151
1756195693100000000,book,A,137936.03,0.00036
1756195693200000000,book,B,110121.92,0.14151
1756195693200000000,book,B,110121.91,0.00373
1756195693200000000,book,B,110121.86,0.0
1756195693200000000,book,B,110121.72,0.0
1756195693400000000,book,B,110121.93,0.01519
1756195693500000000,book,B,110121.94,0.14151
1756195693500000000,book,B,110121.92,0.0
1756195693700000000,book,B,110121.95,0.01423
1756195693700000000,book,B,110121.93,0.0
1756195693800000000,book,B,110121.96,0.14151
1756195693800000000,book,B,110121.94,0.0
1756195693900000000,book,B,110121.95,0.0
1756195694000000000,book,B,110121.97,0.01519
1756195694000000000,book,B,110121.96,0.0
1756195694000000000,book,B,110121.92,0.14151
1756195694100000000,book,B,110121.98,0.14151
1756195694100000000,book,B,110121.97,0.0
1756195694100000000,book,B,110121.92,0.0
1756195694200000000,book,B,110121.99,0.01519
1756195694200000000,book,B,110121.98,0.0
1756195694200000000,book,B,110121.92,0.14151
1756195694300000000,book,B,110122.0,0.14151
1756195694300000000,book,B,110121.92,0.0
1756195694400000000,book,B,110121.99,0.0
1756195694500000000,book,B,110122.01,0.01519
1756195694500000000,book,B,110122.0,0.0
1756195694500000000,book,B,110121.92,0.14151
1756195694601000000,book,B,110122.02,0.14151
1756195694601000000,book,B,110122.01,0.0
1756195694601000000,book,B,110121.92,0.0
1756195694701000000,book,B,110122.02,0.0
1756195694701000000,book,B,110121.92,0.14151
1756195694801000000,book,B,110122.03,0.01519
1756195694901000000,book,B,110122.04,0.14151
1756195694901000000,book,B,110121.92,0.0
1756195694901000000,book,B,110110.95,0.0
1756195695101000000,book,B,110122.03,0.0
1756195695101000000,book,A,137936.03,0.00036
1756195695201000000,book,B,110122.04,0.0
1756195695201000000,book,B,110121.92,0.14151
1756195695301000000,book,B,110122.05,0.02451
1756195695401000000,book,B,110122.06,0.1567
1756195695401000000,book,B,110121.93,0.00373
1756195695401000000,book,B,110121.92,0.0
1756195695401000000,book,B,110121.91,0.0
1756195695601000000,book,B,110122.06,0.17093
1756195696002000000,book,B,110122.07,0.18069
1756195696002000000,book,B,110121.81,0.0
1756195696002000000,book,A,110506.63,0.12232
1756195696002000000,book,A,110506.67,0.0
1756195696102000000,book,B,110122.08,0.14151
1756195696102000000,book,B,110122.06,0.02942
1756195696102000000,book,A,110506.62,0.68404
1756195696102000000,book,A,110506.64,0.0
1756195696202000000,book,B,110121.85,0.0
1756195696202000000,book,A,110506.65,0.0
1756195696302000000,book,B,110122.09,0.08382
1756195696302000000,book,B,110122.06,0.0
1756195696302000000,book,A,110506.61,0.006
1756195696402000000,book,B,110122.1,0.14151
1756195696402000000,book,B,110122.08,0.0
1756195696402000000,book,A,110506.6,0.68404
1756195696402000000,book,A,110506.62,0.0
1756195696502000000,book,B,110122.09,0.08382
1756195696802000000,book,B,110122.11,0.01519
1756195696902000000,book,B,110122.12,0.14151
1756195696902000000,book,B,110122.1,0.0
1756195697002000000,book,B,110122.13,0.01519
1756195697002000000,book,B,110122.11,0.0
1756195697002000000,book,A,137936.03,0.00036
1756195697102000000,book,B,110122.14,0.14151
1756195697102000000,book,B,110122.12,0.0
1756195697202000000,book,B,110122.13,0.0
1756195697303000000,book,B,110122.15,0.01519
1756195697303000000,book,B,110122.14,0.0
1756195697303000000,book,B,110122.1,0.14151
1756195697403000000,book,B,110122.16,0.14151
1756195697403000000,book,B,110122.15,0.0
1756195697403000000,book,B,110122.1,0.0
1756195697503000000,book,B,110122.16,0.0
1756195697503000000,book,B,110122.1,0.14151
1756195697903000000,book,B,110122.11,0.01519
1756195698003000000,book,B,110122.12,0.14151
1756195698003000000,book,B,110122.1,0.0
1756195698103000000,book,B,110122.11,0.0
1756195698103000000,book,A,137936.03,0.00045
1756195698203000000,book,B,110122.13,0.1567
1756195698203000000,book,B,110122.12,0.0
1756195698203000000,book,B,110122.1,0.0
1756195698203000000,book,A,110526.96,0.0
1756195698303000000,book,B,110122.16,0.18069
1756195698303000000,book,B,110122.15,0.0
1756195698303000000,book,B,110122.14,0.0
1756195698303000000,book,B,110122.07,0.0
1756195698303000000,book,A,110506.59,0.12232
1756195698303000000,book,A,110506.6,0.58394
1756195698303000000,book,A,110506.63,0.0
1756195698303000000,book,A,110511.13,0.0
1756195698303000000,book,A,110526.96,0.1001
1756195698303000000,book,A,110585.13,0.03041
1756195698403000000,book,B,110122.18,0.18069
1756195698403000000,book,B,110122.17,0.14151
1756195698403000000,book,B,110122.16,0.0
1756195698403000000,book,B,110122.13,0.0
1756195698403000000,book,A,110506.57,0.12232
1756195698403000000,book,A,110506.58,0.58394
1756195698403000000,book,A,110506.59,0.0
1756195698403000000,book,A,110506.6,0.0
1756195698503000000,book,B,110122.21,0.18069
1756195698503000000,book,B,110122.2,0.0
1756195698503000000,book,B,110122.19,0.14151
1756195698503000000,book,B,110122.18,0.0
1756195698503000000,book,B,110122.17,0.01519
1756195698503000000,book,A,110506.55,0.12232
1756195698503000000,book,A,110506.56,0.58394
1756195698503000000,book,A,110506.57,0.0
1756195698503000000,book,A,110506.58,0.0
1756195698604000000,book,B,110122.22,0.14151
1756195698604000000,book,B,110122.21,0.0
1756195698604000000,book,B,110122.19,0.0
1756195698604000000,book,B,110122.17,0.0
1756195698604000000,book,A,110506.54,0.58394
1756195698604000000,book,A,110506.55,0.0
1756195698604000000,book,A,110506.56,0.0
1756195698704000000,book,B,110122.24,0.18069
1756195698704000000,book,B,110122.23,0.1567
1756195698704000000,book,B,110122.22,0.0
1756195698704000000,book,B,110122.1,0.0
1756195698704000000,book,A,110506.52,0.12232
1756195698704000000,book,A,110506.53,0.58394
1756195698704000000,book,A,110506.54,0.0
1756195698704000000,book,A,110506.6,0.0
1756195698804000000,book,B,110122.27,0.0
1756195698804000000,book,B,110122.26,0.18069
1756195698804000000,book,B,110122.25,0.14151
1756195698804000000,book,B,110122.24,0.0
1756195698804000000,book,B,110122.23,0.01519
1756195698804000000,book,A,110506.5,0.12232
1756195698804000000,book,A,110506.51,0.58394
1756195698804000000,book,A,110506.52,0.0
1756195698804000000,book,A,110506.53,0.0
1756195698904000000,book,B,110122.28,0.0
1756195698904000000,book,B,110122.27,0.14151
1756195698904000000,book,B,110122.26,0.0
1756195698904000000,book,B,110122.25,0.0
1756195698904000000,book,B,110122.23,0.0
1756195698904000000,book,A,110506.48,0.12232
1756195698904000000,book,A,110506.49,0.58394
1756195698904000000,book,A,110506.5,0.0
1756195698904000000,book,A,110506.51,0.0
1756195698904000000,book,A,110526.96,0.0
1756195698904000000,book,A,110585.12,0.1001
1756195699004000000,book,B,110122.3,0.18069
1756195699004000000,book,B,110122.29,0.0
1756195699004000000,book,B,110122.27,0.01519
1756195699004000000,book,B,110122.1,0.14151
1756195699004000000,book,A,110506.46,0.12232
1756195699004000000,book,A,110506.47,0.58394
1756195699004000000,book,A,110506.48,0.0
1756195699004000000,book,A,110506.49,0.0
1756195699104000000,book,B,110122.32,0.18069
1756195699104000000,book,B,110122.31,0.14151
1756195699104000000,book,B,110122.3,0.0
1756195699104000000,book,B,110122.27,0.0
1756195699104000000,book,B,110122.1,0.0
1756195699104000000,book,A,110506.44,0.12232
1756195699104000000,book,A,110506.45,0.58394
1756195699104000000,book,A,110506.46,0.0
1756195699104000000,book,A,110506.47,0.0
1756195699204000000,book,B,110122.34,0.18069
1756195699204000000,book,B,110122.33,0.14151
1756195699204000000,book,B,110122.32,0.0
1756195699204000000,book,B,110122.31,0.0
1756195699204000000,book,A,110506.42,0.12232
1756195699204000000,book,A,110506.43,0.58394
1756195699204000000,book,A,110506.44,0.0
1756195699204000000,book,A,110506.45,0.0
1756195699304000000,book,B,110122.36,0.18069
1756195699304000000,book,B,110122.35,0.14151
1756195699304000000,book,B,110122.34,0.0
1756195699304000000,book,B,110122.33,0.0
1756195699304000000,book,A,110506.4,0.12232
1756195699304000000,book,A,110506.41,0.58394
1756195699304000000,book,A,110506.42,0.0
1756195699304000000,book,A,110506.43,0.0
1756195699404000000,book,B,110122.37,0.15227
1756195699404000000,book,B,110122.35,0.0
1756195699404000000,book,A,110506.39,0.58394
1756195699404000000,book,A,110506.41,0.0
1756195699404000000,book,A,110506.71,0.0
1756195699504000000,book,A,137936.03,0.00045
1756195699804000000,book,B,110122.38,0.01519
1756195699904000000,book,B,110122.39,0.14151
1756195699904000000,book,B,110122.37,0.01076
1756195699904000000,book,A,110506.38,0.0003
1756195700004000000,book,B,110122.38,0.0
1756195700105000000,book,B,110122.39,0.0
1756195700105000000,book,B,110122.38,0.14151
1756195700305000000,book,B,110122.09,0.0
1756195700305000000,book,A,110506.61,0.0
1756195700405000000,book,B,110122.4,0.08381
1756195700405000000,book,B,110122.39,0.01519
1756195700405000000,book,A,110506.38,0.0063
1756195700505000000,book,B,110122.41,0.14151
1756195700505000000,book,B,110122.39,0.0
1756195700505000000,book,B,110122.38,0.0
1756195700505000000,book,A,110506.37,0.58394
1756195700505000000,book,A,110506.39,0.0
1756195700905000000,book,B,110122.42,0.01519
1756195701005000000,book,B,110122.43,0.14151
1756195701005000000,book,B,110122.41,0.0
1756195701205000000,book,B,110122.42,0.0
1756195701305000000,book,B,110122.43,0.0
1756195701305000000,book,B,110122.41,0.14151
1756195701506000000,book,B,110122.42,0.01519
1756195701506000000,book,A,137936.03,0.00036
1756195701606000000,book,B,110122.43,0.14151
1756195701606000000,book,B,110122.41,0.0
1756195701706000000,book,B,110122.44,0.01519
1756195701706000000,book,B,110122.42,0.0
1756195701806000000,book,B,110122.45,0.14151
1756195701806000000,book,B,110122.43,0.0
1756195701806000000,book,A,110526.96,0.1001
1756195701806000000,book,A,110585.12,0.0
1756195701906000000,book,B,110122.44,0.0
1756195702006000000,book,B,110122.46,0.01519
1756195702006000000,book,B,110122.45,0.0
1756195702006000000,book,B,110122.41,0.14151
1756195702106000000,book,B,110122.47,0.14151
1756195702106000000,book,B,110122.46,0.0
1756195702106000000,book,B,110122.41,0.0
1756195702206000000,book,B,110122.47,0.0
1756195702206000000,book,B,110122.41,0.14151
1756195702306000000,book,B,110122.48,0.01519
1756195702406000000,book,B,110122.49,0.14151
1756195702406000000,book,B,110122.41,0.0
1756195702606000000,book,B,110122.48,0.0
1756195702706000000,book,B,110122.49,0.0
1756195702706000000,book,B,110122.41,0.14151
1756195702706000000,book,A,137936.03,0.00027
1756195703607000000,book,B,110122.42,0.01519
1756195703707000000,book,B,110122.43,0.14151
1756195703707000000,book,B,110122.41,0.0
1756195703807000000,book,B,110122.42,0.0
1756195703907000000,book,B,110122.44,0.01519
1756195703907000000,book,B,110122.43,0.0
1756195703907000000,book,B,110122.41,0.14151
1756195704007000000,book,B,110122.45,0.14151
1756195704007000000,book,B,110122.44,0.0
1756195704007000000,book,B,110122.41,0.0
1756195704107000000,book,B,110122.45,0.0
1756195704107000000,book,B,110122.41,0.14151
1756195704207000000,book,B,110122.46,0.01519
1756195704308000000,book,B,110122.47,0.14151
1756195704308000000,book,B,110122.41,0.0
1756195704508000000,book,B,110122.48,0.18069
1756195704508000000,book,B,110122.46,0.0
1756195704508000000,book,B,110122.36,0.0
1756195704508000000,book,A,110506.36,0.12232
1756195704508000000,book,A,110506.38,0.0003
1756195704508000000,book,A,110506.4,0.0
1756195704608000000,book,B,110122.49,0.14151
1756195704608000000,book,B,110122.47,0.0
1756195704608000000,book,B,110122.4,0.0
1756195704608000000,book,A,110506.35,0.58994
1756195704608000000,book,A,110506.37,0.0
1756195704708000000,book,B,110122.5,0.08381
1756195704808000000,book,B,110122.51,0.14151
1756195704808000000,book,B,110122.49,0.0
1756195705008000000,book,B,110122.52,0.01519
1756195705108000000,book,B,110122.53,0.14151
1756195705108000000,book,B,110122.51,0.0
1756195705208000000,book,B,110122.52,0.0
1756195705308000000,book,B,110122.54,0.01519
1756195705308000000,book,B,110122.53,0.0
1756195705308000000,book,B,110122.52,0.18069
1756195705308000000,book,B,110122.51,0.14151
1756195705308000000,book,B,110122.48,0.0
1756195705308000000,book,A,110506.34,0.12232
1756195705308000000,book,A,110506.36,0.0
1756195705408000000,book,B,110122.56,0.05806
1756195705408000000,book,B,110122.55,0.14151
1756195705408000000,book,B,110122.54,0.0
1756195705408000000,book,B,110122.52,0.0
1756195705408000000,book,B,110122.51,0.0
1756195705408000000,book,A,110506.33,0.58394
1756195705408000000,book,A,110506.34,0.0
1756195705408000000,book,A,110506.35,0.006
1756195705408000000,book,A,137936.03,0.00018
1756195705508000000,book,B,110122.57,0.14151
1756195705508000000,book,B,110122.56,0.18069
1756195705508000000,book,B,110122.55,0.0
1756195705508000000,book,A,110506.32,0.12232
1756195705508000000,book,A,110506.33,0.0
1756195705508000000,book,A,110506.34,0.58394
1756195705608000000,book,B,110122.56,0.19588
1756195705608000000,book,A,110506.31,0.58394
1756195705608000000,book,A,110506.34,0.0
1756195705709000000,book,B,110122.56,0.18069
1756195705709000000,book,A,137936.03,0.00018
1756195705809000000,book,B,110122.58,0.01519
1756195705909000000,book,B,110122.59,0.14151
1756195705909000000,book,B,110122.58,0.0
1756195705909000000,book,B,110122.57,0.0
1756195706009000000,book,B,110122.59,0.0
1756195706009000000,book,B,110122.57,0.14151
1756195706109000000,book,B,110122.59,0.18069
1756195706109000000,book,B,110122.58,0.0
1756195706109000000,book,B,110122.56,0.0
1756195706109000000,book,A,110506.3,0.12232
1756195706109000000,book,A,110506.32,0.0
1756195706209000000,book,B,110122.61,0.18069
1756195706209000000,book,B,110122.6,0.14151
1756195706209000000,book,B,110122.59,0.0
1756195706209000000,book,B,110122.57,0.0
1756195706209000000,book,A,110506.28,0.12232
1756195706209000000,book,A,110506.29,0.58394
1756195706209000000,book,A,110506.3,0.0
1756195706209000000,book,A,110506.31,0.0
1756195706309000000,book,B,110122.62,0.14151
1756195706309000000,book,B,110122.6,0.0
1756195706309000000,book,A,110506.27,0.58394
1756195706309000000,book,A,110506.29,0.0
1756195706409000000,book,B,110122.63,0.01519
1756195706509000000,book,B,110122.64,0.14151
1756195706509000000,book,B,110122.62,0.0
1756195706609000000,book,B,110122.65,0.01519
1756195706609000000,book,B,110122.63,0.0
1756195706609000000,book,B,110122.37,0.0
1756195706709000000,book,B,110122.66,0.14151
1756195706709000000,book,B,110122.64,0.0
1756195706709000000,book,A,110507.4,0.0
1756195706809000000,book,B,110122.65,0.0
1756195706909000000,book,B,110122.67,0.01519
1756195706909000000,book,B,110122.66,0.0
1756195706909000000,book,B,110122.62,0.14151
1756195707009000000,book,B,110122.68,0.14319
1756195707009000000,book,B,110122.62,0.0
1756195707110000000,book,B,110122.67,0.0
1756195707110000000,book,A,137936.03,9e-05
1756195707210000000,book,B,110122.69,0.01519
1756195707210000000,book,B,110122.68,0.10178
1756195707210000000,book,B,110122.62,0.04141
1756195707310000000,book,B,110122.7,0.14151
1756195707310000000,book,B,110122.69,0.0
1756195707310000000,book,B,110122.68,0.00168
1756195707310000000,book,B,110122.62,0.0
1756195707410000000,book,B,110122.7,0.0
1756195707410000000,book,B,110122.69,0.1001
1756195707410000000,book,B,110122.62,0.04141
1756195708310000000,book,B,110122.7,0.01519
1756195708411000000,book,B,110122.71,0.14151
1756195708411000000,book,B,110122.69,0.0
1756195708411000000,book,B,110122.62,0.0
1756195708511000000,book,B,110122.7,0.0
1756195708611000000,book,B,110122.71,0.0
1756195708611000000,book,B,110122.69,0.1001
1756195708611000000,book,B,110122.62,0.04141
1756195708711000000,book,B,110122.5,0.0
1756195708711000000,book,A,110506.26,0.00948
1756195708711000000,book,A,110506.35,0.0
1756195708811000000,book,B,110122.7,0.08381
1756195708811000000,book,A,110506.24,0.006
1756195708811000000,book,A,110506.25,0.58394
1756195708811000000,book,A,110506.27,0.0
1756195708911000000,book,B,110122.71,0.14151
1756195708911000000,book,B,110122.69,0.0
1756195708911000000,book,B,110122.62,0.0
1756195708911000000,book,A,110506.23,0.58394
1756195708911000000,book,A,110506.25,0.0
1756195709311000000,book,B,110122.72,0.01519
1756195709311000000,book,A,137936.03,0.00018
1756195709411000000,book,B,110122.73,0.14151
1756195709411000000,book,B,110122.72,0.0
1756195709411000000,book,B,110122.71,0.0
1756195709511000000,book,B,110122.73,0.0
1756195709511000000,book,B,110122.71,0.14151
1756195709611000000,book,B,110122.74,0.01519
1756195709711000000,book,B,110122.75,0.14151
1756195709711000000,book,B,110122.71,0.0
1756195709912000000,book,B,110122.76,0.01519
1756195709912000000,book,B,110122.74,0.0
1756195710012000000,book,B,110122.78,0.18069
1756195710012000000,book,B,110122.77,0.14151
1756195710012000000,book,B,110122.75,0.0
1756195710012000000,book,B,110122.61,0.0
1756195710012000000,book,B,109750.0,0.30498
1756195710012000000,book,B,109707.0,0.1013
1756195710012000000,book,B,109603.0,0.09822
1756195710012000000,book,B,109416.0,0.1025
1756195710012000000,book,B,109325.0,0.09852
1756195710012000000,book,B,108592.0,0.05003
1756195710012000000,book,B,108311.0,0.05061
1756195710012000000,book,B,107159.0,0.05003
1756195710012000000,book,B,106382.0,0.05003
1756195710012000000,book,A,110506.22,0.12232
1756195710012000000,book,A,110506.28,0.0
1756195710012000000,book,A,110925.0,0.09983
1756195710012000000,book,A,111030.0,0.10077
1756195710012000000,book,A,111211.0,0.10171
1756195710012000000,book,A,111594.0,0.07567
1756195710112000000,book,B,110122.79,0.14151
1756195710112000000,book,B,110122.77,0.0
1756195710112000000,book,B,110122.76,0.0
1756195710112000000,book,A,110506.21,0.58394
1756195710112000000,book,A,110506.23,0.0
1756195710112000000,book,A,110585.13,0.0
1756195710212000000,book,B,110122.8,0.01519
1756195710312000000,book,B,110122.81,0.14151
1756195710312000000,book,B,110122.79,0.0
1756195710412000000,book,B,110122.8,0.0
1756195710412000000,book,A,110533.98,0.02776
1756195710512000000,book,B,110122.82,0.01519
1756195710512000000,book,B,110122.81,0.0
1756195710512000000,book,B,110122.79,0.14151
1756195710612000000,book,B,110122.83,0.14151
1756195710612000000,book,B,110122.82,0.0
1756195710612000000,book,B,110122.79,0.0
1756195710712000000,book,B,110122.84,0.01519
1756195710712000000,book,B,110122.83,0.0
1756195710712000000,book,B,110122.79,0.14151
1756195710712000000,book,A,110507.53,0.0
1756195710812000000,book,B,110122.84,0.01519
1756195710812000000,book,B,110122.8,0.14151
1756195710812000000,book,B,110122.79,0.0
1756195710912000000,book,B,110122.86,0.18069
1756195710912000000,book,B,110122.85,0.14151
1756195710912000000,book,B,110122.8,0.0
1756195710912000000,book,B,110122.78,0.0
1756195710912000000,book,A,110506.2,0.12232
1756195710912000000,book,A,110506.22,0.0
1756195711012000000,book,B,110122.87,0.14151
1756195711012000000,book,B,110122.85,0.0
1756195711012000000,book,B,110122.84,0.02942
1756195711012000000,book,A,110506.19,0.58394
1756195711012000000,book,A,110506.21,0.0
1756195711012000000,book,A,110511.13,0.1001
1756195711012000000,book,A,110526.96,0.0
1756195711112000000,book,B,110122.84,0.0
1756195711112000000,book,A,137936.03,0.00027
1756195711313000000,book,B,110122.89,0.18069
1756195711313000000,book,B,110122.88,0.01519
1756195711313000000,book,B,110122.86,0.0
1756195711313000000,book,A,110506.18,0.12232
1756195711313000000,book,A,110506.19,0.68404
1756195711313000000,book,A,110506.2,0.0
1756195711313000000,book,A,110511.13,0.0
1756195711413000000,book,B,110122.9,0.14151
1756195711413000000,book,B,110122.87,0.0
1756195711413000000,book,A,110506.17,0.68404
1756195711413000000,book,A,110506.19,0.0
1756195711613000000,book,B,110122.91,0.01423
1756195711613000000,book,B,110122.88,0.0
1756195711713000000,book,B,110122.92,0.14151
1756195711713000000,book,B,110122.9,0.0
1756195711713000000,book,A,110506.16,0.00279
1756195711813000000,book,B,110122.91,0.0
1756195711813000000,book,A,110506.15,0.68404
1756195711813000000,book,A,110506.17,0.0
1756195711913000000,book,B,110122.93,0.01519
1756195711913000000,book,B,110122.92,0.0
1756195711913000000,book,B,110122.9,0.14151
1756195712013000000,book,B,110122.94,0.14151
1756195712013000000,book,B,110122.93,0.0
1756195712013000000,book,B,110122.9,0.0
1756195712113000000,book,B,110122.94,0.0
1756195712113000000,book,B,110122.9,0.14151
1756195712213000000,book,B,110122.95,0.01519
1756195712313000000,book,B,110122.96,0.14151
1756195712313000000,book,B,110122.9,0.0
1756195712413000000,book,B,110122.95,0.02942
1756195712513000000,book,B,110122.95,0.0
1756195712613000000,book,B,110122.96,0.0
1756195712613000000,book,B,110122.9,0.14151
1756195712714000000,book,B,110122.97,0.01519
1756195712814000000,book,B,110122.98,0.14151
1756195712814000000,book,B,110122.9,0.0
1756195712814000000,book,B,110122.7,0.0
1756195712814000000,book,A,110506.24,0.0
1756195712914000000,book,B,110122.99,0.08381
1756195712914000000,book,B,110122.97,0.0
1756195712914000000,book,A,110506.14,0.006
1756195713014000000,book,B,110123.0,0.14151
1756195713014000000,book,B,110122.99,0.09804
1756195713014000000,book,B,110122.98,0.0
1756195713014000000,book,A,110506.13,0.68404
1756195713014000000,book,A,110506.15,0.0
1756195713014000000,book,A,137936.03,0.00036
1756195713214000000,book,B,110122.99,0.08381
1756195713314000000,book,B,110123.01,0.01423
1756195713414000000,book,B,110123.02,0.14151
1756195713414000000,book,B,110123.01,0.0
1756195713414000000,book,B,110123.0,0.0
1756195713514000000,book,B,110123.02,0.0
1756195713514000000,book,B,110123.0,0.14151
1756195713614000000,book,B,110123.03,0.01423
1756195713614000000,book,A,137936.03,0.00027
1756195713714000000,book,B,110123.04,0.14151
1756195713714000000,book,B,110123.0,0.0
1756195713914000000,book,B,110123.05,0.01423
1756195713914000000,book,B,110123.03,0.0
1756195714014000000,book,B,110123.06,0.14151
1756195714014000000,book,B,110123.04,0.0
1756195714115000000,book,B,110123.05,0.0
1756195714215000000,book,B,110123.07,0.15574
1756195714215000000,book,B,110123.06,0.0
1756195714215000000,book,B,110123.0,0.0
1756195714915000000,book,A,110533.98,0.0
1756195715015000000,book,B,110123.08,0.05806
1756195715015000000,book,B,110123.07,0.14151
1756195715015000000,book,B,110122.89,0.0
1756195715015000000,book,B,110114.0,0.12263
1756195715015000000,book,A,110506.12,0.12232
1756195715015000000,book,A,110506.18,0.0
1756195715015000000,book,A,110507.52,0.03198
1756195715115000000,book,B,110123.1,0.05806
1756195715115000000,book,B,110123.09,0.14151
1756195715115000000,book,B,110123.08,0.0
1756195715115000000,book,B,110123.07,0.0
1756195715115000000,book,B,110114.0,0.0
1756195715115000000,book,B,110111.0,0.12263
1756195715115000000,book,A,110506.1,0.12232
1756195715115000000,book,A,110506.11,0.68404
1756195715115000000,book,A,110506.12,0.0
1756195715115000000,book,A,110506.13,0.0
1756195715115000000,book,A,110506.38,0.0
1756195715215000000,book,B,110123.11,0.19957
1756195715215000000,book,B,110123.1,0.0
1756195715215000000,book,B,110123.09,0.0
1756195715215000000,book,B,110121.93,0.0
1756195715215000000,book,A,110506.09,0.68404
1756195715215000000,book,A,110506.11,0.0
1756195715215000000,book,A,137936.03,0.00036
1756195715315000000,book,A,110506.08,0.00481
1756195715415000000,book,A,110506.07,0.68404
1756195715415000000,book,A,110506.09,0.0
1756195715616000000,book,A,110506.06,0.0
1756195715616000000,book,A,110506.08,0.0
1756195715716000000,book,A,110506.07,0.0
1756195715716000000,book,A,110506.09,0.68404
1756195715916000000,book,A,110506.08,0.00453
1756195716016000000,book,A,110506.07,0.68404
1756195716016000000,book,A,110506.08,0.0
1756195716016000000,book,A,110506.09,0.0
1756195716116000000,book,A,110506.07,0.0
1756195716116000000,book,A,110506.09,0.68404
1756195716216000000,book,B,110123.12,0.01423
1756195716316000000,book,B,110123.13,0.14151
1756195716316000000,book,B,110123.11,0.05806
1756195716416000000,book,B,110123.12,0.0
1756195716516000000,book,B,110123.13,0.01423
1756195716516000000,book,B,110123.12,0.14151
1756195716616000000,book,B,110123.14,0.14151
1756195716616000000,book,B,110123.12,0.0
1756195716716000000,book,B,110123.13,0.0
1756195716816000000,book,B,110123.15,0.01423
1756195716816000000,book,B,110123.14,0.0
1756195716816000000,book,B,110123.12,0.14151
1756195716917000000,book,B,110123.16,0.14151
1756195716917000000,book,B,110123.12,0.0
1756195717017000000,book,B,110123.17,0.01423
1756195717017000000,book,B,110123.15,0.0
1756195717017000000,book,A,110506.14,0.0
1756195717117000000,book,B,110123.18,0.14151
1756195717117000000,book,B,110123.16,0.0
1756195717117000000,book,B,110122.99,0.0
1756195717117000000,book,A,110506.08,0.006
1756195717217000000,book,B,110123.18,0.22533
1756195717217000000,book,B,110123.17,0.0
1756195717217000000,book,A,110506.07,0.68404
1756195717217000000,book,A,110506.09,0.0
1756195717317000000,book,B,110123.19,0.01423
1756195717417000000,book,B,110123.2,0.14151
1756195717417000000,book,B,110123.19,0.0
1756195717417000000,book,B,110123.18,0.08382
1756195717517000000,book,B,110123.2,0.0
1756195717517000000,book,B,110123.19,0.14151
1756195717617000000,book,B,110123.21,0.01423
1756195717717000000,book,B,110123.22,0.14151
1756195717717000000,book,B,110123.19,0.0
1756195717717000000,book,A,137936.03,0.00036
1756195717917000000,book,B,110123.21,0.0
1756195718017000000,book,B,110123.23,0.01423
1756195718017000000,book,B,110123.22,0.0
1756195718017000000,book,B,110123.19,0.14151
1756195718117000000,book,B,110123.24,0.14151
1756195718117000000,book,B,110123.23,0.0
1756195718117000000,book,B,110123.19,0.0
1756195718117000000,book,B,110121.65,0.0
1756195718217000000,book,B,110123.24,0.0
1756195718217000000,book,B,110123.19,0.14151
1756195718318000000,book,A,110506.06,0.00312
1756195718418000000,book,A,110506.05,0.68404
1756195718418000000,book,A,110506.07,0.0
1756195718518000000,book,B,110123.2,0.01528
1756195718618000000,book,B,110123.21,0.14151
1756195718618000000,book,B,110123.2,0.00105
1756195718618000000,book,B,110123.19,0.0
1756195718618000000,book,A,110506.06,0.0
1756195718718000000,book,B,110123.21,0.1001
1756195718718000000,book,B,110123.19,0.04141
1756195718718000000,book,A,110506.05,0.0
1756195718718000000,book,A,110506.07,0.68404
1756195718918000000,book,A,110506.06,0.00312
1756195719018000000,book,A,110506.05,0.68404
1756195719018000000,book,A,110506.07,0.0
1756195719118000000,book,A,110506.04,0.00312
1756195719118000000,book,A,110506.06,0.0
1756195719118000000,book,A,137936.03,0.00036
1756195719218000000,book,A,110506.03,0.68404
1756195719218000000,book,A,110506.05,0.0
1756195719318000000,book,A,110506.04,0.0
1756195719418000000,book,A,110506.02,0.00312
1756195719418000000,book,A,110506.03,0.0
1756195719418000000,book,A,110506.07,0.68404
1756195719518000000,book,A,110506.01,0.68404
1756195719518000000,book,A,110506.02,0.0
1756195719518000000,book,A,110506.07,0.0
1756195719619000000,book,A,110506.01,0.0
1756195719619000000,book,A,110506.07,0.68404
1756195719719000000,book,B,110123.22,0.05806
1756195719719000000,book,B,110123.11,0.0
1756195719719000000,book,B,110111.0,0.0
1756195719719000000,book,B,110108.0,0.12263
1756195719719000000,book,A,110506.0,0.00312
1756195719719000000,book,A,110506.06,0.12232
1756195719719000000,book,A,110506.1,0.0
1756195719819000000,book,B,110123.23,0.14151
1756195719819000000,book,B,110123.21,0.0
1756195719819000000,book,B,110123.19,0.0
1756195719819000000,book,A,110505.99,0.68404
1756195719819000000,book,A,110506.07,0.0
1756195720019000000,book,B,110123.24,0.01423
1756195720019000000,book,A,110506.0,0.0
1756195720119000000,book,B,110123.25,0.14151
1756195720119000000,book,B,110123.23,0.0
1756195720119000000,book,A,110505.99,0.0
1756195720119000000,book,A,110506.05,0.68404
1756195720319000000,book,B,110123.26,0.01423
1756195720319000000,book,B,110123.24,0.0
1756195720419000000,book,B,110123.27,0.14151
1756195720419000000,book,B,110123.25,0.0
1756195720519000000,book,B,110123.26,0.0
1756195720619000000,book,B,110123.27,0.0
1756195720619000000,book,B,110123.23,0.14151
1756195720619000000,book,A,110506.04,0.00312
1756195720719000000,book,B,110120.33,0.0
1756195720719000000,book,B,110120.21,0.0
1756195720719000000,book,B,110120.01,0.0
1756195720719000000,book,A,110506.03,0.68404
1756195720719000000,book,A,110506.04,0.0
1756195720719000000,book,A,110506.05,0.0
1756195720819000000,book,A,110506.03,0.0
1756195720819000000,book,A,110506.05,0.68404
1756195720919000000,book,A,110506.02,0.00312
1756195721019000000,book,A,110506.01,0.68404
1756195721019000000,book,A,110506.05,0.0
1756195721120000000,book,B,110123.24,0.01423
1756195721120000000,book,A,137936.03,0.00036
1756195721220000000,book,B,110123.25,0.14151
1756195721220000000,book,B,110123.24,0.0
1756195721220000000,book,B,110123.23,0.0
1756195721220000000,book,A,110506.02,0.0
1756195721320000000,book,B,110123.25,0.0
1756195721320000000,book,B,110123.23,0.14151
1756195721320000000,book,B,110123.18,0.0
1756195721320000000,book,A,110506.01,0.0
1756195721320000000,book,A,110506.05,0.68404
1756195721320000000,book,A,110506.08,0.0
1756195721320000000,book,A,137936.03,0.00045
1756195721420000000,book,B,110123.25,0.01423
1756195721420000000,book,B,110123.24,0.08382
1756195721420000000,book,A,110506.04,0.006
1756195721520000000,book,B,110123.26,0.14151
1756195721520000000,book,B,110123.23,0.0
1756195721520000000,book,A,110506.03,0.68404
1756195721520000000,book,A,110506.05,0.0
1756195721720000000,book,B,110123.27,0.02221
1756195721720000000,book,B,110123.25,0.0
1756195721720000000,book,B,109919.4,0.00495
1756195721720000000,book,B,109882.01,0.00887
1756195721820000000,book,B,110123.28,0.14151
1756195721820000000,book,B,110123.27,0.00798
1756195721820000000,book,B,110123.26,0.0
1756195722020000000,book,A,110506.02,0.00312
1756195722120000000,book,A,110506.01,0.68404
1756195722120000000,book,A,110506.02,0.0
1756195722120000000,book,A,110506.03,0.0
1756195722220000000,book,A,110506.01,0.0
1756195722220000000,book,A,110506.03,0.68404
1756195722320000000,book,A,110506.0,0.00312
1756195722421000000,book,A,110505.99,0.68404
1756195722421000000,book,A,110506.03,0.0
1756195722621000000,book,A,110506.0,0.0
1756195722721000000,book,A,110505.99,0.0
1756195722721000000,book,A,110506.03,0.68404
1756195722821000000,book,A,110505.98,0.00312
1756195722921000000,book,A,110505.97,0.68404
1756195722921000000,book,A,110505.98,0.0
1756195722921000000,book,A,110506.03,0.0
1756195722921000000,book,A,137936.03,0.00045
1756195723021000000,book,A,110505.97,0.0
1756195723021000000,book,A,110506.03,0.68404
1756195723922000000,book,A,110506.02,0.00312
1756195724022000000,book,A,110506.01,0.68404
1756195724022000000,book,A,110506.02,0.0
1756195724022000000,book,A,110506.03,0.0
1756195724122000000,book,A,110506.01,0.0
1756195724122000000,book,A,110506.03,0.68404
1756195724222000000,book,A,110506.0,0.00312
1756195724322000000,book,A,110505.99,0.68404
1756195724322000000,book,A,110506.0,0.0
1756195724322000000,book,A,110506.03,0.0
1756195724422000000,book,A,110505.99,0.0
1756195724422000000,book,A,110506.03,0.68404
1756195724622000000,book,A,110506.02,0.00312
1756195724722000000,book,B,110120.67,0.0
1756195724722000000,book,A,110506.01,0.68404
1756195724722000000,book,A,110506.02,0.0
1756195724722000000,book,A,110506.03,0.0
1756195724822000000,book,B,110123.29,0.05806
1756195724822000000,book,B,110123.22,0.0
1756195724822000000,book,B,110108.0,0.0
1756195724822000000,book,B,109919.41,0.12263
1756195724822000000,book,A,110505.99,0.12232
1756195724822000000,book,A,110506.0,0.68404
1756195724822000000,book,A,110506.01,0.0
1756195724822000000,book,A,110506.03,0.0
1756195724822000000,book,A,110506.06,0.0
1756195724922000000,book,B,110123.3,0.14151
1756195724922000000,book,B,110123.28,0.0
1756195724922000000,book,A,110505.98,0.68404
1756195724922000000,book,A,110506.0,0.00481
1756195725022000000,book,A,110506.0,0.0
1756195725223000000,book,A,110505.97,0.00481
1756195725323000000,book,A,110505.96,0.68404
1756195725323000000,book,A,110505.98,0.0
1756195725423000000,book,A,110505.97,0.0
1756195725523000000,book,B,110123.24,0.0
1756195725523000000,book,A,110505.95,0.00481
1756195725523000000,book,A,110505.96,0.0
1756195725523000000,book,A,110505.98,0.68404
1756195725523000000,book,A,110506.04,0.0
1756195725523000000,book,A,137936.03,0.00036
1756195725623000000,book,B,110123.31,0.08382
1756195725623000000,book,A,110505.94,0.69004
1756195725623000000,book,A,110505.98,0.0
1756195725723000000,book,B,110123.33,0.0036
1756195725723000000,book,B,110123.32,0.14151
1756195725723000000,book,B,110123.3,0.0
1756195725723000000,book,A,110505.95,0.0
1756195725823000000,book,B,110123.34,0.14151
1756195725823000000,book,B,110123.32,0.0
1756195725823000000,book,A,110505.93,0.00453
1756195725923000000,book,A,110505.92,0.68404
1756195725923000000,book,A,110505.93,0.0
1756195725923000000,book,A,110505.94,0.006
1756195726023000000,book,A,110505.91,0.00453
1756195726023000000,book,A,110505.92,0.0
1756195726023000000,book,A,110505.93,0.68404
1756195726123000000,book,A,110505.9,0.68404
1756195726123000000,book,A,110505.91,0.0
1756195726123000000,book,A,110505.93,0.0
1756195726223000000,book,A,110505.9,0.0
1756195726223000000,book,A,110505.93,0.68404
1756195726323000000,book,A,110505.89,0.00453
1756195726423000000,book,A,110505.88,0.68404
1756195726423000000,book,A,110505.93,0.0
1756195726624000000,book,A,110505.89,0.0
1756195726724000000,book,A,110505.88,0.0
1756195726724000000,book,A,110505.93,0.68404
1756195726824000000,book,A,137936.03,0.00027
1756195726924000000,book,A,110505.92,0.00481
1756195727024000000,book,A,110505.91,0.68404
1756195727024000000,book,A,110505.93,0.0
1756195727124000000,book,A,110505.92,0.0
1756195727224000000,book,A,110505.9,0.00481
1756195727224000000,book,A,110505.91,0.0
1756195727224000000,book,A,110505.93,0.68404
1756195727324000000,book,A,110505.89,0.68404
1756195727324000000,book,A,110505.9,0.0
1756195727324000000,book,A,110505.93,0.0
1756195727424000000,book,A,110505.88,0.00481
1756195727424000000,book,A,110505.89,0.0
1756195727424000000,book,A,110505.93,0.68404
1756195727524000000,book,A,110505.87,0.68404
1756195727524000000,book,A,110505.88,0.0
1756195727524000000,book,A,110505.93,0.0
1756195727624000000,book,A,110505.87,0.0
1756195727624000000,book,A,110505.93,0.68404
1756195727724000000,book,A,110505.86,0.00453
1756195727825000000,book,A,110505.85,0.68404
1756195727825000000,book,A,110505.93,0.0
1756195728025000000,book,A,110505.84,0.00481
1756195728025000000,book,A,110505.86,0.0
1756195728125000000,book,A,110505.83,0.68404
1756195728125000000,book,A,110505.85,0.0
1756195728225000000,book,A,110505.84,0.0
1756195728325000000,book,A,110505.83,0.0
1756195728325000000,book,A,110505.93,0.68404
1756195728625000000,book,B,110123.35,0.05806
1756195728625000000,book,B,110123.29,0.0
1756195728625000000,book,B,109919.42,0.12263
1756195728625000000,book,B,109919.41,0.0
1756195728625000000,book,A,110505.92,0.12232
1756195728625000000,book,A,110505.99,0.0
1756195728725000000,book,B,110123.36,0.14151
1756195728725000000,book,B,110123.34,0.0
1756195728725000000,book,A,110505.91,0.68404
1756195728725000000,book,A,110505.93,0.0
1756195728925000000,book,A,110505.9,0.00481
1756195729025000000,book,A,110505.89,0.68404
1756195729025000000,book,A,110505.9,0.0
1756195729025000000,book,A,110505.91,0.0
1756195729126000000,book,A,110505.89,0.0
1756195729126000000,book,A,110505.91,0.68404
1756195729226000000,book,B,110122.05,0.0
1756195729226000000,book,B,110104.15,0.02533
1756195729226000000,book,A,110505.89,0.00481
1756195729226000000,book,A,137936.03,0.00018
1756195729326000000,book,A,110505.88,0.68404
1756195729326000000,book,A,110505.91,0.0
1756195729426000000,book,A,110505.89,0.0
1756195729426000000,book,A,137936.03,0.00018
1756195729526000000,book,A,110505.87,0.68885
1756195729526000000,book,A,110505.88,0.0
1756195729526000000,book,A,110505.91,0.0
1756195729726000000,book,B,110123.31,0.0
1756195729726000000,book,B,110121.02,0.0
1756195729726000000,book,A,110505.87,0.69462
1756195729726000000,book,A,110505.94,0.0
1756195729826000000,book,B,110123.37,0.08382
1756195729826000000,book,A,110505.86,0.006
1756195729826000000,book,A,110505.87,0.68885
1756195729926000000,book,B,110123.38,0.14151
1756195729926000000,book,B,110123.36,0.0
1756195729926000000,book,A,110505.85,0.68404
1756195729926000000,book,A,110505.87,0.0
1756195730727000000,book,A,137936.03,9e-05
1756195731727000000,book,B,110123.39,0.00197
1756195731727000000,book,A,110505.84,0.00481
1756195731828000000,book,B,110123.4,0.1001
1756195731828000000,book,B,110123.38,0.04141
1756195731828000000,book,A,110505.83,0.68404
1756195731828000000,book,A,110505.85,0.0
1756195732028000000,book,A,110505.84,0.0
1756195732128000000,book,A,110505.83,0.0
1756195732128000000,book,A,110505.85,0.68404
1756195732328000000,book,B,110123.41,0.00105
1756195732328000000,book,B,110123.2,0.0
1756195732428000000,book,B,110123.42,0.1001
1756195732428000000,book,B,110123.4,0.04141
1756195732428000000,book,B,110123.38,0.0
1756195732728000000,book,B,110123.43,0.02944
1756195732728000000,book,B,110122.68,0.0
1756195732828000000,book,B,110123.44,0.14151
1756195732828000000,book,B,110123.42,0.0
1756195732828000000,book,B,110123.4,0.0
1756195732828000000,book,A,110505.84,0.00481
1756195732928000000,book,A,110505.83,0.68404
1756195732928000000,book,A,110505.84,0.0
1756195732928000000,book,A,110505.85,0.0
1756195733028000000,book,A,110505.83,0.0
1756195733028000000,book,A,110505.85,0.68404
1756195733229000000,book,A,110505.82,0.00481
1756195733329000000,book,A,110505.81,0.68404
1756195733329000000,book,A,110505.85,0.0
1756195733429000000,book,A,110505.82,0.0
1756195733529000000,book,A,110505.81,0.0
1756195733529000000,book,A,110505.85,0.68404
1756195733629000000,book,A,137936.03,0.00018
1756195733729000000,book,A,110505.84,0.00481
1756195733829000000,book,B,110123.37,0.0
1756195733829000000,book,A,110505.83,0.68404
1756195733829000000,book,A,110505.85,0.0
1756195733829000000,book,A,110505.86,0.0
1756195733929000000,book,B,110123.45,0.08382
1756195733929000000,book,A,110505.82,0.006
1756195733929000000,book,A,110505.84,0.0
1756195734029000000,book,B,110123.46,0.14151
1756195734029000000,book,B,110123.44,0.0
1756195734029000000,book,A,110505.81,0.68404
1756195734029000000,book,A,110505.82,0.01081
1756195734029000000,book,A,110505.83,0.0
1756195734129000000,book,A,110505.82,0.006
1756195734329000000,book,A,110505.8,0.00481
1756195734429000000,book,B,110123.43,0.0
1756195734429000000,book,A,110505.79,0.68404
1756195734429000000,book,A,110505.81,0.0
1756195734529000000,book,B,110123.47,0.05806
1756195734529000000,book,B,110123.35,0.0
1756195734529000000,book,B,109919.43,0.12263
1756195734529000000,book,B,109919.42,0.0
1756195734529000000,book,A,110505.78,0.12232
1756195734529000000,book,A,110505.92,0.0
1756195734630000000,book,B,110123.48,0.14151
1756195734630000000,book,B,110123.46,0.0
1756195734630000000,book,A,110505.77,0.68885
1756195734630000000,book,A,110505.79,0.0
1756195734630000000,book,A,110505.8,0.0
1756195734630000000,book,A,137936.03,0.00027
1756195737232000000,book,A,137936.03,0.00036
1756195737432000000,book,A,137936.03,0.00027
1756195737632000000,book,B,110123.49,0.05806
1756195737632000000,book,B,110123.47,0.0
1756195737632000000,book,B,109919.44,0.12263
1756195737632000000,book,B,109919.43,0.0
1756195737632000000,book,A,110505.76,0.12262
1756195737632000000,book,A,110505.77,0.68404
1756195737632000000,book,A,110505.78,0.0
1756195737732000000,book,B,110123.5,0.14151
1756195737732000000,book,B,110123.48,0.0
1756195737732000000,book,A,110505.75,0.68885
1756195737732000000,book,A,110505.77,0.0
1756195738132000000,book,B,110123.45,0.0
1756195738132000000,book,A,110505.82,0.0
1756195738232000000,book,B,110123.51,0.08382
1756195738232000000,book,A,110505.74,0.006
1756195738332000000,book,B,110123.52,0.14151
1756195738332000000,book,B,110123.5,0.0
1756195738332000000,book,A,110505.73,0.68404
1756195738332000000,book,A,110505.75,0.0
1756195738432000000,book,A,110505.72,0.00481
1756195738532000000,book,A,110505.71,0.68404
1756195738532000000,book,A,110505.73,0.0
1756195738633000000,book,A,110505.72,0.0
1756195738733000000,book,A,110505.7,0.00481
1756195738733000000,book,A,110505.71,0.0
