ts_ns,bid,ask,bid_sz,ask_sz,mid,spread,microprice
1756195623000000000,110119.5,,0.14151,,110119.5,,
1756195624000000000,110119.46,137936.03,0.14151,0.00036,124027.745,27816.57,137865.444498
1756195625000000000,110119.53,110507.95,0.14151,0.68404,110313.74,388.42,110186.110236
1756195626000000000,110119.57,110507.87,0.14151,0.68404,110313.72,388.3,110186.129667
1756195627000000000,110119.57,110507.86,0.14151,0.68885,110313.715,388.29,110185.742405
1756195628000000000,110119.57,110507.86,0.14151,0.68885,110313.715,388.29,110185.742405
1756195629000000000,110119.57,110507.86,0.14151,0.68885,110313.715,388.29,110185.742405
1756195630000000000,110119.59,110507.87,0.14181,0.1001,110313.73,388.28,110347.203521
1756195631000000000,110119.63,110507.85,0.15343,0.68404,110313.74,388.22,110190.754452
1756195632000000000,110119.63,110507.85,0.15343,0.68404,110313.74,388.22,110190.754452
1756195633000000000,110119.63,110507.85,0.15343,0.68404,110313.74,388.22,110190.754452
1756195634000000000,110119.65,110507.85,0.14151,0.69004,110313.75,388.2,110185.712392
1756195635000000000,110119.72,110507.85,0.01423,0.69004,110313.785,388.13,110127.56229
1756195636000000000,110119.65,110507.83,0.14151,0.68404,110313.74,388.18,110186.189097
1756195637000000000,110119.7,110507.82,0.14151,0.68404,110313.76,388.12,110186.228813
1756195638000000000,110119.78,110507.82,0.14151,0.69004,110313.8,388.04,110185.815164
1756195639000000000,110119.77,110507.81,0.0003,0.68404,110313.79,388.04,110119.940108
1756195640000000000,110119.77,110507.79,0.0003,0.68404,110313.78,388.02,110119.9401
1756195641000000000,110119.78,110507.81,0.10098,0.68404,110313.795,388.03,110169.693721
1756195642000000000,110119.8,110507.75,0.14151,0.68404,110313.775,387.95,110186.299672
1756195643000000000,110119.82,110507.69,0.14151,0.68404,110313.755,387.87,110186.305959
1756195644000000000,110119.83,110507.61,0.00039,0.68404,110313.72,387.78,110120.050964
1756195645000000000,110119.84,110507.65,0.10093,0.68404,110313.745,387.81,110169.703897
1756195646000000000,110119.86,110507.57,0.08382,0.69004,110313.715,387.71,110161.854485
1756195647000000000,110119.87,110507.56,0.14151,0.68404,110313.715,387.69,110186.325105
1756195648000000000,110119.86,110507.55,0.08382,0.00481,110313.705,387.69,110486.509845
1756195649000000000,110119.88,110507.51,0.14151,0.68404,110313.695,387.63,110186.32482
1756195650000000000,110119.89,110507.48,0.00085,0.00453,110313.685,387.59,110181.126338
1756195651000000000,110119.92,110507.39,0.00047,0.68404,110313.655,387.47,110120.186046
1756195652000000000,110119.92,110507.32,0.00047,0.00453,110313.62,387.4,110156.3356
1756195653000000000,110119.92,110507.27,0.00047,0.68404,110313.595,387.35,110120.185963
1756195654000000000,110119.92,110507.19,0.00047,0.68404,110313.555,387.27,110120.185908
1756195655000000000,110119.96,110507.12,0.14151,0.00453,110313.54,387.16,110495.110723
1756195656000000000,110120.02,110507.12,0.14151,0.1001,110313.57,387.1,110346.742905
1756195657000000000,110120.01,110507.12,0.01423,0.1001,110313.565,387.11,110168.191364
1756195658000000000,110120.04,110507.08,0.14151,0.68404,110313.56,387.04,110186.383687
1756195659000000000,110120.13,110507.06,0.01423,0.68404,110313.595,386.93,110128.015222
1756195660000000000,110120.2,110507.06,0.14151,0.68404,110313.63,386.86,110186.512832
1756195661000000000,110120.17,110507.04,0.14151,0.1001,110313.605,386.87,110346.758195
1756195662000000000,110120.2,110507.04,0.00081,0.1001,110313.62,386.84,110123.305147
1756195663000000000,110120.27,110507.02,0.01423,0.68404,110313.645,386.75,110128.151554
1756195664000000000,110120.34,110507,0.14151,0.68404,110313.67,386.66,110186.61855
1756195665000000000,110120.41,110507,0.015,0.68404,110313.705,386.59,110128.705448
1756195666000000000,110120.48,110507,0.14151,0.68404,110313.74,386.52,110186.734552
1756195667000000000,110120.54,110506.98,0.22533,0.68404,110313.76,386.44,110216.294781
1756195668000000000,110120.61,110506.98,0.01423,0.68404,110313.795,386.37,110128.48381
1756195669000000000,110120.68,110506.98,0.15574,0.68404,110313.83,386.3,110192.320623
1756195670000000000,110120.74,110506.96,0.14151,0.68404,110313.85,386.22,110186.943128
1756195671000000000,110120.81,110506.96,0.01423,0.68404,110313.885,386.15,110128.679326
1756195672000000000,110120.9,110506.94,0.14151,0.1001,110313.92,386.04,110347.002067
1756195673000000000,110120.96,110506.94,0.14151,0.1001,110313.95,385.98,110347.026925
1756195674000000000,110121.04,110506.92,0.01423,0.1001,110313.98,385.88,110169.068273
1756195675000000000,110121.05,110506.9,0.1001,0.68404,110313.975,385.85,110170.305981
1756195676000000000,110121.13,110506.85,0.00373,0.1001,110313.99,385.72,110134.986646
1756195677000000000,110121.2,110506.85,0.14151,0.1001,110314.025,385.65,110347.073646
1756195678000000000,110121.2,110506.85,0.1001,0.1001,110314.025,385.65,110314.025
1756195679000000000,110121.27,110506.85,0.15574,0.1001,110314.06,385.58,110355.987907
1756195680000000000,110121.29,110506.81,0.15574,0.68404,110314.05,385.52,110192.785969
1756195681000000000,110121.37,110506.81,0.14151,0.68404,110314.09,385.44,110187.439426
1756195682000000000,110121.44,110506.77,0.01423,0.1001,110314.105,385.33,110169.399817
1756195683000000000,110121.43,110506.77,0.14151,0.1001,110314.1,385.34,110347.12208
1756195684000000000,110121.46,110506.74,0.14151,0.58394,110314.1,385.28,110196.614694
1756195685000000000,110121.47,110506.74,0.01423,0.58394,110314.105,385.27,110130.635274
1756195686000000000,110121.53,110506.74,0.01771,0.58394,110314.135,385.21,110132.868933
1756195687000000000,110121.6,110506.7,0.14151,0.1001,110314.15,385.1,110347.151513
1756195688000000000,110121.68,110506.69,0.22533,0.006,110314.185,385.01,110496.704006
1756195689000000000,110121.72,110506.68,0.01519,0.68404,110314.2,384.96,110130.082831
1756195690000000000,110121.73,110506.68,0.14151,0.68404,110314.205,384.95,110187.715433
1756195691000000000,110121.88,110506.66,0.14151,0.68404,110314.27,384.78,110187.836293
1756195692000000000,110121.83,110506.66,0.01519,0.68404,110314.245,384.83,110130.190007
1756195693000000000,110121.9,110506.64,0.14151,0.68404,110314.27,384.74,110187.849437
1756195694000000000,110121.96,110506.64,0.14151,0.68404,110314.3,384.68,110187.899152
1756195695000000000,110122.04,110506.64,0.14151,0.68404,110314.34,384.6,110187.965439
1756195696000000000,110122.06,110506.64,0.17093,0.68404,110314.35,384.58,110198.947212
1756195697000000000,110122.12,110506.6,0.14151,0.68404,110314.36,384.48,110188.024869
1756195698000000000,110122.11,110506.6,0.01519,0.68404,110314.355,384.49,110130.462621
1756195699000000000,110122.27,110506.48,0.14151,0.12232,110314.375,384.21,110328.347994
1756195700000000000,110122.39,110506.38,0.14151,0.0003,110314.385,383.99,110505.567667
1756195701000000000,110122.42,110506.37,0.01519,0.58394,110314.395,383.95,110132.154449
1756195702000000000,110122.45,110506.37,0.14151,0.58394,110314.41,383.92,110197.339405
1756195703000000000,110122.41,110506.37,0.14151,0.58394,110314.39,383.96,110197.307208
1756195704000000000,110122.44,110506.37,0.01519,0.58394,110314.405,383.93,110132.173942
1756195705000000000,110122.51,110506.35,0.14151,0.58994,110314.43,383.84,110196.769619
1756195706000000000,110122.59,110506.31,0.14151,0.58394,110314.45,383.72,110197.440392
1756195707000000000,110122.67,110506.27,0.01519,0.58394,110314.47,383.6,110132.395575
1756195708000000000,110122.69,110506.27,0.1001,0.58394,110314.48,383.58,110178.821744
1756195709000000000,110122.71,110506.23,0.14151,0.58394,110314.47,383.52,110197.521379
1756195710000000000,110122.76,110506.23,0.01519,0.58394,110314.495,383.47,110132.482279
1756195711000000000,110122.86,110506.2,0.18069,0.12232,110314.53,383.34,110351.452141
1756195712000000000,110122.93,110506.15,0.01519,0.68404,110314.54,383.22,110131.255032
1756195713000000000,110122.99,110506.14,0.08381,0.006,110314.565,383.15,110480.542628
1756195714000000000,110123.05,110506.13,0.01423,0.68404,110314.59,383.08,110130.856763
1756195715000000000,110123.07,110506.13,0.15574,0.68404,110314.6,383.06,110194.109754
1756195716000000000,110123.11,110506.08,0.19957,0.00453,110314.595,382.97,110497.57998
1756195717000000000,110123.16,110506.09,0.14151,0.68404,110314.625,382.93,110188.799179
1756195718000000000,110123.22,110506.07,0.14151,0.68404,110314.645,382.85,110188.845466
1756195719000000000,110123.21,110506.06,0.1001,0.00312,110314.635,382.85,110494.487708
1756195720000000000,110123.23,110505.99,0.14151,0.68404,110314.61,382.76,110188.840039
1756195721000000000,110123.23,110506.02,0.14151,0.00312,110314.625,382.79,110497.762344
1756195722000000000,110123.28,110506.03,0.14151,0.68404,110314.655,382.75,110188.888325
1756195723000000000,110123.28,110505.97,0.14151,0.68404,110314.625,382.69,110188.87804
1756195724000000000,110123.28,110506.02,0.14151,0.00312,110314.65,382.74,110497.763423
1756195725000000000,110123.3,110505.98,0.14151,0.68404,110314.64,382.68,110188.896326
1756195726000000000,110123.34,110505.92,0.14151,0.68404,110314.63,382.58,110188.919185
1756195727000000000,110123.34,110505.92,0.14151,0.00481,110314.63,382.58,110493.343388
1756195728000000000,110123.34,110505.85,0.14151,0.68404,110314.595,382.51,110188.907186
1756195729000000000,110123.36,110505.9,0.14151,0.00481,110314.63,382.54,110493.324703
1756195730000000000,110123.38,110505.85,0.14151,0.68404,110314.615,382.47,110188.940329
1756195731000000000,110123.38,110505.85,0.14151,0.68404,110314.615,382.47,110188.940329
1756195732000000000,110123.4,110505.83,0.1001,0.68404,110314.615,382.43,110172.219398
1756195733000000000,110123.44,110505.83,0.14151,0.68404,110314.635,382.39,110188.986616
1756195734000000000,110123.45,110505.82,0.08382,0.006,110314.635,382.37,110480.277582
1756195735000000000,110123.48,110505.77,0.14151,0.68885,110314.625,382.29,110188.629884
1756195736000000000,110123.48,110505.77,0.14151,0.68885,110314.625,382.29,110188.629884
1756195737000000000,110123.48,110505.77,0.14151,0.68885,110314.625,382.29,110188.629884
1756195738000000000,110123.5,110505.75,0.14151,0.68885,110314.625,382.25,110188.643067
1756195739000000000,110123.52,110505.68,0.14151,0.00481,110314.6,382.16,110493.117195
1756195740000000000,110123.54,110505.73,0.14151,0.68404,110314.635,382.19,110189.052333
1756195741000000000,110123.56,110505.65,0.14151,0.00481,110314.605,382.09,110493.089496
1756195742000000000,110123.56,110505.64,0.14151,0.68404,110314.6,382.08,110189.053478
1756195743000000000,110123.58,110505.64,0.14151,0.68404,110314.61,382.06,110189.07005
1756195744000000000,110123.61,110505.62,0.14151,0.68404,110314.615,382.01,110189.091479
1756195745000000000,110123.62,110505.54,0.04141,0.68703,110314.58,381.92,110145.331201
1756195746000000000,110123.74,110505.46,0.05806,0.12232,110314.6,381.72,110246.606522
1756195747000000000,110123.79,110505.38,0.04141,0.00481,110314.585,381.59,110465.668881
1756195748000000000,110123.81,110505.37,0.04141,0.68404,110314.59,381.56,110145.590136
1756195749000000000,110123.83,110505.35,0.04141,0.80636,110314.59,381.52,110142.465648
1756195750000000000,110123.83,110505.31,0.04141,0.68404,110314.57,381.48,110145.605569
1756195751000000000,110123.85,110505.31,0.04141,0.68404,110314.58,381.46,110145.624428
1756195752000000000,110123.85,110505.25,0.04141,0.68404,110314.55,381.4,110145.621003
1756195753000000000,110123.87,110505.17,0.04141,0.68404,110314.52,381.3,110145.635295
1756195754000000000,110123.87,110505.18,0.04141,0.00481,110314.525,381.31,110465.49802
1756195755000000000,110123.87,110505.16,0.12523,0.006,110314.515,381.29,110487.726944
1756195756000000000,110123.87,110505.07,0.12523,0.68404,110314.47,381.2,110182.858565
1756195757000000000,110123.91,110505.01,0.04141,0.68404,110314.46,381.1,110145.663878
1756195758000000000,110123.91,110505.01,0.04141,0.68404,110314.46,381.1,110145.663878
1756195759000000000,110123.91,110504.98,0.04141,0.00481,110314.445,381.07,110465.322997
1756195760000000000,110123.93,110504.95,0.04141,0.69462,110314.44,381.02,110145.366678
1756195761000000000,110123.93,110504.94,0.04141,0.00768,110314.435,381.01,110445.331998
1756195762000000000,110123.95,110504.89,0.04141,0.68404,110314.42,380.94,110145.694745
1756195763000000000,110123.95,110504.85,0.04141,0.68404,110314.4,380.9,110145.692462
1756195764000000000,110123.97,110504.78,0.04141,0.68404,110314.375,380.81,110145.707325
1756195765000000000,110123.97,110504.8,0.04141,0.68404,110314.385,380.83,110145.708466
1756195766000000000,110123.97,110504.75,0.04141,0.68404,110314.36,380.78,110145.705612
1756195767000000000,110123.99,110504.71,0.04141,0.68404,110314.35,380.72,110145.722187
1756195768000000000,110123.99,110504.64,0.08382,0.01058,110314.315,380.65,110461.978167
1756195769000000000,110123.99,110504.64,0.08382,0.01058,110314.315,380.65,110461.978167
1756195770000000000,110124,110504.61,0.04141,0.00481,110314.305,380.61,110465.000868
1756195771000000000,110124.02,110504.58,0.04141,0.68404,110314.3,380.56,110145.743054
1756195772000000000,110124.04,110504.56,0.04141,0.68885,110314.3,380.52,110145.617703
1756195773000000000,110124.04,110504.56,0.04141,0.69462,110314.3,380.52,110145.448547
1756195774000000000,110124.04,110504.54,0.04141,0.68885,110314.29,380.5,110145.616569
1756195775000000000,110124.04,110504.5,0.04141,0.00481,110314.27,380.46,110464.906478
1756195776000000000,110124.04,110504.49,0.04141,0.68404,110314.265,380.45,110145.756775
1756195777000000000,110124.06,110504.4,0.04141,0.68404,110314.23,380.34,110145.770496
1756195778000000000,110124.07,110504.34,0.08305,0.00481,110314.205,380.27,110483.521667
1756195779000000000,110124.1,110504.37,0.04141,0.00095,110314.235,380.27,110495.841754
1756195780000000000,110124.12,110504.18,0.04141,0.00481,110314.15,380.06,110464.628105
1756195781000000000,110124.12,110504.11,0.12523,0.00481,110314.115,379.99,110490.054695
1756195782000000000,110124.12,110504.09,0.12523,0.00577,110314.105,379.97,110487.353917
1756195783000000000,110124.12,110504.06,0.12523,0.68404,110314.09,379.94,110182.913587
1756195784000000000,110124.14,110503.99,0.04141,0.00481,110314.065,379.85,110464.459959
1756195785000000000,110124.17,110503.91,0.05806,0.12232,110314.04,379.74,110246.399207
1756195786000000000,110124.18,110503.86,0.04141,0.68404,110314.02,379.68,110145.852822
1756195787000000000,110124.18,110503.82,0.04141,0.68885,110314,379.64,110145.707802
1756195788000000000,110124.18,110503.82,0.04141,0.69462,110314,379.64,110145.539038
1756195789000000000,110124.18,110503.79,0.12523,0.68404,110313.985,379.61,110182.922521
1756195790000000000,110124.2,110503.75,0.04141,0.68404,110313.975,379.55,110145.865401
1756195791000000000,110124.22,110503.71,0.04141,0.68404,110313.965,379.49,110145.881977
1756195792000000000,110124.22,110503.69,0.04141,0.68404,110313.955,379.47,110145.880835
1756195793000000000,110124.24,110503.62,0.04141,0.68885,110313.93,379.38,110145.753058
1756195794000000000,110124.24,110503.62,0.04141,0.69462,110313.93,379.38,110145.58441
1756195795000000000,110124.24,110503.62,0.04141,0.69462,110313.93,379.38,110145.58441
1756195796000000000,110124.24,110503.62,0.04141,0.69462,110313.93,379.38,110145.58441
1756195797000000000,110124.24,110503.54,0.04141,0.68404,110313.89,379.3,110145.891131
1756195798000000000,110124.24,110503.52,0.04141,0.68404,110313.88,379.28,110145.889989
1756195799000000000,110124.24,110503.46,0.04141,0.68404,110313.85,379.22,110145.886564
1756195800000000000,110124.26,110503.38,0.04141,0.68404,110313.82,379.12,110145.900856
1756195801000000000,110124.3,110503.31,0.04141,0.68404,110313.805,379.01,110145.934577
1756195802000000000,110124.32,110503.29,0.04141,0.68404,110313.805,378.97,110145.952294
1756195803000000000,110124.32,110503.24,0.04141,0.01429,110313.78,378.92,110406.026952
1756195804000000000,110124.32,110503.17,0.04141,0.68404,110313.745,378.85,110145.945444
1756195805000000000,110124.32,110503.09,0.04141,0.68404,110313.705,378.77,110145.940878
1756195806000000000,110124.34,110503.04,0.04141,0.00481,110313.69,378.7,110463.629637
1756195807000000000,110124.34,110502.98,0.04141,0.00948,110313.66,378.64,110432.445372
1756195808000000000,110124.34,110502.89,0.04141,0.68404,110313.615,378.55,110145.94832
1756195809000000000,110124.34,110502.92,0.04141,0.00481,110313.63,378.58,110463.522125
1756195810000000000,110124.36,110502.86,0.08382,0.68404,110313.61,378.5,110165.677258
1756195811000000000,110124.36,110502.78,0.08382,0.68404,110313.57,378.42,110165.668526
1756195812000000000,110124.36,110502.72,0.08382,0.68404,110313.54,378.36,110165.661976
1756195813000000000,110124.36,110502.72,0.08382,0.68404,110313.54,378.36,110165.661976
1756195814000000000,110124.36,110502.63,0.08382,0.00481,110313.495,378.27,110482.101074
1756195815000000000,110124.4,110502.62,0.04141,0.68885,110313.51,378.22,110145.847279
1756195816000000000,110124.4,110502.62,0.04141,0.69462,110313.51,378.22,110145.679147
1756195817000000000,110124.4,110502.61,0.04141,0.00097,110313.505,378.21,110493.953471
1756195818000000000,110124.4,110502.56,0.04141,0.68885,110313.48,378.16,110145.843877
1756195819000000000,110124.32,110502.56,0.04141,0.69462,110313.44,378.24,110145.600272
1756195820000000000,110124.32,110502.49,0.04141,0.68404,110313.405,378.17,110145.906629
1756195821000000000,110124.41,110502.37,0.05806,0.12232,110313.39,377.96,110246.066268
1756195822000000000,110124.45,110502.32,0.04141,0.69004,110313.385,377.87,110145.842572
1756195823000000000,110124.47,110502.25,0.04141,0.00481,110313.36,377.78,110462.935379
1756195824000000000,110124.47,110502.29,0.04141,0.68404,110313.38,377.82,110146.03665
1756195825000000000,110124.47,110502.22,0.04141,0.00481,110313.345,377.75,110462.908501
1756195826000000000,110124.49,110502.29,0.04141,0.68404,110313.39,377.8,110146.055508
1756195827000000000,110124.51,110502.22,0.04141,0.00481,110313.365,377.71,110462.912663
1756195828000000000,110124.51,110502.23,0.12523,0.68404,110313.37,377.72,110182.960054
1756195829000000000,110124.51,110502.19,0.12523,0.68404,110313.35,377.68,110182.953865
1756195830000000000,110124.51,110502.12,0.12523,0.12232,110313.315,377.61,110315.534441
1756195831000000000,110124.51,110502.02,0.12523,0.68404,110313.265,377.51,110182.927558
1756195832000000000,110124.51,110502.04,0.12523,0.68404,110313.275,377.53,110182.930653
1756195833000000000,110124.51,110501.98,0.12523,0.68404,110313.245,377.47,110182.921368
1756195834000000000,110124.51,110501.93,0.12523,0.00481,110313.22,377.42,110487.969755
1756195835000000000,110124.51,110501.88,0.12523,0.68404,110313.195,377.37,110182.905894
1756195836000000000,110124.53,110501.86,0.04141,0.68885,110313.195,377.33,110145.926811
1756195837000000000,110124.55,110501.81,0.04141,0.00481,110313.18,377.26,110462.549494
1756195838000000000,110124.55,110501.74,0.04141,0.68404,110313.145,377.19,110146.080688
1756195839000000000,110124.55,110501.76,0.04141,0.68885,110313.155,377.21,110145.940006
1756195840000000000,110124.55,110501.76,0.04141,0.69462,110313.155,377.21,110145.772323
1756195841000000000,110124.57,110501.69,0.04141,0.00937,110313.13,377.12,110432.103265
1756195842000000000,110124.59,110501.6,0.04141,0.68404,110313.095,377.01,110146.110414
1756195843000000000,110124.59,110501.52,0.04141,0.68404,110313.055,376.93,110146.105847
1756195844000000000,110124.59,110501.5,0.04141,0.68404,110313.045,376.91,110146.104705
1756195845000000000,110124.61,110501.44,0.04141,0.69462,110313.025,376.83,110145.810943
1756195846000000000,110124.61,110501.44,0.04141,0.69462,110313.025,376.83,110145.810943
1756195847000000000,110124.61,110501.38,0.04141,0.69004,110312.995,376.77,110145.940297
1756195848000000000,110124.62,110501.35,0.00187,0.69462,110312.985,376.73,110125.631479
1756195849000000000,110124.62,110501.35,0.0857,0.69462,110312.985,376.73,110165.995027
1756195850000000000,110124.62,110501.27,0.0857,0.68404,110312.945,376.65,110166.554816
1756195851000000000,110124.62,110501.28,0.0857,0.00481,110312.95,376.66,110481.263045
1756195852000000000,110124.62,110501.19,0.0857,0.68404,110312.905,376.57,110166.545909
1756195853000000000,110124.62,110501.2,0.0857,0.00481,110312.91,376.58,110481.187296
1756195854000000000,110124.62,110501.23,0.0857,0.68404,110312.925,376.61,110166.550362
1756195855000000000,110124.62,110501.15,0.0857,0.68404,110312.885,376.53,110166.541455
1756195856000000000,110124.62,110501.1,0.0857,0.00481,110312.86,376.48,110481.092611
1756195857000000000,110124.62,110501.05,0.0857,0.68404,110312.835,376.43,110166.530322
1756195858000000000,110124.62,110500.97,0.0857,0.68404,110312.795,376.35,110166.521415
1756195859000000000,110124.64,110500.92,0.08383,0.00481,110312.78,376.28,110480.501376
1756195860000000000,110124.65,110500.87,0.04141,0.68885,110312.76,376.22,110145.983868
1756195861000000000,110124.65,110500.87,0.04141,0.69462,110312.76,376.22,110145.816624
1756195862000000000,110124.65,110500.81,0.04141,0.00481,110312.73,376.16,110461.663968
1756195863000000000,110124.66,110500.79,0.0003,0.12232,110312.725,376.13,110125.580233
1756195864000000000,110124.69,110500.73,0.04141,0.00481,110312.71,376.04,110461.596456
1756195865000000000,110124.69,110500.65,0.04141,0.00481,110312.67,375.96,110461.524781
1756195866000000000,110124.71,110500.62,0.04141,0.1001,110312.665,375.91,110234.712354
1756195867000000000,110124.72,110500.54,0.0003,0.68404,110312.63,375.82,110124.884751
1756195868000000000,110124.74,110500.49,0.04141,0.69004,110312.615,375.75,110146.012551
1756195869000000000,110124.74,110500.41,0.04141,0.68404,110312.575,375.67,110146.183924
1756195870000000000,110124.75,110500.34,0.00086,0.00481,110312.545,375.59,110181.717795
1756195871000000000,110124.75,110500.37,0.00086,0.68404,110312.56,375.62,110125.22165
1756195872000000000,110124.77,110500.31,0.04141,0.68404,110312.54,375.54,110146.206503
1756195873000000000,110124.77,110500.29,0.04141,0.69462,110312.53,375.52,110145.897241
1756195874000000000,110124.77,110500.29,0.04141,0.69462,110312.53,375.52,110145.897241
1756195875000000000,110124.77,110500.29,0.04141,0.69462,110312.53,375.52,110145.897241
1756195876000000000,110124.77,110500.29,0.04141,0.69462,110312.53,375.52,110145.897241
1756195877000000000,110124.79,110500.23,0.04141,0.68404,110312.51,375.44,110146.220795
1756195878000000000,110124.79,110500.21,0.04141,0.1001,110312.5,375.42,110234.648965
1756195879000000000,110124.79,110500.21,0.12581,0.1001,110312.5,375.42,110333.862596
1756195880000000000,110124.79,110500.2,0.20964,0.00481,110312.495,375.41,110491.779752
1756195881000000000,110124.79,110500.19,0.20964,0.10113,110312.49,375.4,110378.028266
1756195882000000000,110124.81,110500.13,0.0003,0.68404,110312.47,375.32,110124.974532
1756195883000000000,110124.83,110500.08,0.04141,0.00481,110312.455,375.25,110461.028669
1756195884000000000,110124.84,110500.01,0.00084,0.68404,110312.425,375.17,110125.300143
1756195885000000000,110124.86,110499.93,0.04141,0.68404,110312.395,375.07,110146.269675
1756195886000000000,110124.86,110499.87,0.04141,0.68404,110312.365,375.01,110146.26625
1756195887000000000,110124.87,110499.91,0.0008,0.69313,110312.39,375.04,110125.302366
1756195888000000000,110124.87,110499.88,0.0008,0.01058,110312.375,375.01,110151.232742
1756195889000000000,110124.88,110499.86,0.05806,0.01081,110312.37,374.98,110441.002242
1756195890000000000,110124.89,110499.83,0.04141,0.68404,110312.36,374.94,110146.292254
1756195891000000000,110124.89,110499.83,0.04141,0.68404,110312.36,374.94,110146.292254
1756195892000000000,110124.89,110499.82,0.04141,0.00481,110312.355,374.93,110460.801971
1756195893000000000,110124.92,110499.85,0.00077,0.68404,110312.385,374.93,110125.341571
1756195894000000000,110124.94,110499.73,0.04141,0.68404,110312.335,374.79,110146.333692
1756195895000000000,110124.97,110499.7,0.04141,0.00481,110312.335,374.73,110460.702785
1756195896000000000,110124.97,110499.67,0.04141,0.68404,110312.32,374.7,110146.358555
1756195897000000000,110124.99,110499.68,0.04141,0.00481,110312.335,374.69,110460.686947
1756195898000000000,110124.99,110499.61,0.04141,0.68404,110312.3,374.62,110146.373988
1756195899000000000,110125.01,110499.61,0.12425,0.68404,110312.31,374.6,110182.593355
1756195900000000000,110125.02,110499.57,0.00073,0.68404,110312.295,374.55,110125.41929
1756195901000000000,110125.04,110499.55,0.12524,0.68404,110312.295,374.51,110182.997237
1756195902000000000,110125.04,110499.5,0.12524,0.00481,110312.27,374.46,110485.650307
1756195903000000000,110125.04,110499.51,0.12524,0.68404,110312.275,374.47,110182.991046
1756195904000000000,110125.05,110499.49,0.00069,0.1001,110312.27,374.44,110127.613385
1756195905000000000,110125.06,110499.43,0.04171,0.68404,110312.245,374.37,110146.575636
1756195906000000000,110125.1,110499.34,0.04141,0.00481,110312.22,374.24,110460.393778
1756195907000000000,110125.1,110499.27,0.04141,0.68404,110312.185,374.17,110146.458301
1756195908000000000,110125.11,110499.22,0.00066,0.00577,110312.165,374.11,110163.510093
1756195909000000000,110125.12,110499.15,0.0003,0.68404,110312.135,374.03,110125.283967
1756195910000000000,110125.15,110499.12,0.04141,0.00481,110312.135,373.97,110460.201876
1756195911000000000,110125.17,110499.08,0.04141,0.68404,110312.125,373.91,110146.51346
1756195912000000000,110125.18,110499,0.00065,0.68404,110312.09,373.82,110125.53488
1756195913000000000,110125.19,110499.03,0.0003,0.1001,110312.11,373.84,110126.307052
1756195914000000000,110125.22,110498.88,0.04141,0.68404,110312.05,373.66,110146.54919
1756195915000000000,110125.22,110498.82,0.04141,0.68404,110312.02,373.6,110146.545765
1756195916000000000,110125.24,110498.8,0.04141,0.68404,110312.02,373.56,110146.563481
1756195917000000000,110125.27,110498.73,0.04141,0.00481,110312,373.46,110459.86495
1756195918000000000,110125.3,110498.76,0.04141,0.1001,110312.03,373.46,110234.585412
1756195919000000000,110125.31,110498.6,0.00065,0.1001,110311.955,373.29,110127.718323
1756195920000000000,110125.31,110498.6,0.00065,0.1001,110311.955,373.29,110127.718323
1756195921000000000,110125.31,110498.58,0.00065,0.68404,110311.945,373.27,110125.664358
1756195922000000000,110125.33,110498.51,0.04141,0.00481,110311.92,373.18,110459.674089
1756195923000000000,110125.35,110498.52,0.04141,0.68885,110311.935,373.17,110146.510915
1756195924000000000,110125.35,110498.52,0.04141,0.68885,110311.935,373.17,110146.510915
1756195925000000000,110125.37,110498.5,0.04141,0.68885,110311.935,373.13,110146.528647
1756195926000000000,110125.37,110498.5,0.04141,0.68885,110311.935,373.13,110146.528647
1756195927000000000,110125.39,110498.44,0.08413,0.00602,110311.915,373.05,110473.528619
1756195928000000000,110125.46,110498.35,0.14151,0.68404,110311.905,372.89,110189.378193
1756195929000000000,110125.47,110498.35,0.0006,0.68404,110311.91,372.88,110125.796782
1756195930000000000,110125.49,110498.31,0.14151,0.68404,110311.9,372.82,110189.396194
1756195931000000000,110125.5,110498.31,0.0003,0.68404,110311.905,372.81,110125.663432
1756195932000000000,110125.56,110498.29,0.14151,0.68404,110311.925,372.73,110189.450767
1756195933000000000,110125.52,110498.29,0.14151,0.68404,110311.905,372.77,110189.417623
1756195934000000000,110125.55,110498.27,0.00557,0.68404,110311.91,372.72,110128.56047
1756195935000000000,110125.61,110498.25,0.00059,0.68404,110311.93,372.64,110125.931133
1756195936000000000,110125.63,110498.21,0.04141,0.68885,110311.92,372.58,110146.757458
1756195937000000000,110125.63,110498.21,0.04141,0.68885,110311.92,372.58,110146.757458
1756195938000000000,110125.64,110498.18,0.00057,0.00481,110311.91,372.54,110165.109851
1756195939000000000,110125.66,110498.11,0.04141,0.68404,110311.885,372.45,110146.920121
1756195940000000000,110125.74,110498.03,0.04141,0.68404,110311.885,372.29,110146.990988
1756195941000000000,110125.79,110497.96,0.04141,0.12232,110311.875,372.17,110219.917892
1756195942000000000,110125.68,110497.9,0.04141,0.00481,110311.79,372.22,110459.163994
1756195943000000000,110125.68,110497.95,0.04141,0.68404,110311.815,372.27,110146.929846
1756195944000000000,110125.66,110497.88,0.04141,0.68885,110311.77,372.22,110146.767044
1756195945000000000,110125.66,110497.88,0.04141,0.69462,110311.77,372.22,110146.601579
1756195946000000000,110125.66,110497.88,0.04141,0.69462,110311.77,372.22,110146.601579
1756195947000000000,110125.66,110497.88,0.04141,0.69462,110311.77,372.22,110146.601579
1756195948000000000,110125.69,110497.84,0.04141,0.68404,110311.765,372.15,110146.932996
1756195949000000000,110125.69,110497.77,0.04141,0.00481,110311.73,372.08,110459.048563
1756195950000000000,110125.7,110497.8,0.00053,0.68404,110311.75,372.1,110125.988083
1756195951000000000,110125.7,110497.74,0.00053,0.68404,110311.72,372.04,110125.988037
1756195952000000000,110125.72,110497.73,0.04141,0.00481,110311.725,372.01,110459.015848
1756195953000000000,110125.75,110497.7,0.00052,0.68404,110311.725,371.95,110126.032538
1756195954000000000,110125.77,110497.66,0.04141,0.68404,110311.715,371.89,110146.998155
1756195955000000000,110125.78,110497.64,0.00051,0.1001,110311.71,371.86,110127.664988
1756195956000000000,110125.78,110497.52,0.00051,0.68404,110311.65,371.74,110126.056952
1756195957000000000,110125.83,110497.59,0.0005,0.00481,110311.71,371.76,110160.83565
1756195958000000000,110125.84,110497.58,0.00032,0.68404,110311.71,371.74,110126.013822
1756195959000000000,110125.85,110497.52,0.17842,0.00481,110311.685,371.67,110487.763231
1756195960000000000,110125.89,110497.45,0.04141,0.68404,110311.67,371.56,110147.099318
1756195961000000000,110125.91,110497.43,0.04141,0.68404,110311.67,371.52,110147.117035
1756195962000000000,110125.94,110497.38,0.00048,0.00481,110311.66,371.44,110159.64344
1756195963000000000,110125.95,110497.31,0.00034,0.68404,110311.63,371.36,110126.134492
1756195964000000000,110125.95,110497.38,0.00034,0.00481,110311.665,371.43,110150.471592
1756195965000000000,110125.97,110497.3,0.08384,0.00602,110311.635,371.33,110472.423452
1756195966000000000,110126.01,110497.25,0.04141,0.68404,110311.63,371.24,110147.201052
1756195967000000000,110126.02,110497.23,0.00053,0.68507,110311.625,371.21,110126.306962
1756195968000000000,110126.02,110497.17,0.00053,0.68404,110311.595,371.15,110126.307348
1756195969000000000,110126.04,110497.21,0.00051,0.00481,110311.625,371.17,110161.622086
1756195970000000000,110126.05,110497.16,0.04141,0.1001,110311.605,371.11,110234.647732
1756195971000000000,110126.06,110497.15,0.00034,0.00481,110311.605,371.09,110150.559146
1756195972000000000,110126.09,110497.09,0.04141,0.00103,110311.59,371,110488.085994
1756195973000000000,110126.1,110497.06,0.00036,0.68404,110311.58,370.96,110126.295128
1756195974000000000,110126.14,110497.02,0.04141,0.68404,110311.58,370.88,110147.310502
1756195975000000000,110126.14,110497,0.04141,0.68404,110311.57,370.86,110147.309361
1756195976000000000,110126.14,110497.02,0.04141,0.68404,110311.58,370.88,110147.310502
1756195977000000000,110126.15,110496.96,0.00047,0.68404,110311.555,370.81,110126.404607
1756195978000000000,110126.18,110496.95,0.04141,0.68404,110311.565,370.77,110147.344223
1756195979000000000,110126.2,110496.89,0.04141,0.68404,110311.545,370.69,110147.359657
1756195980000000000,110126.21,110496.83,0.00047,0.68404,110311.52,370.62,110126.464476
1756195981000000000,110126.21,110496.77,0.00047,0.68404,110311.49,370.56,110126.464435
1756195982000000000,110126.23,110496.85,0.04141,0.68404,110311.54,370.62,110147.385661
1756195983000000000,110126.23,110496.78,0.04141,0.00481,110311.505,370.55,110458.217787
1756195984000000000,110126.25,110496.73,0.04141,0.68885,110311.49,370.48,110147.258376
1756195985000000000,110126.26,110496.73,0.0005,0.68885,110311.495,370.47,110126.52871
1756195986000000000,110126.26,110496.71,0.08873,0.10612,110311.485,370.45,110294.954013
1756195987000000000,110126.28,110496.7,0.00049,0.68404,110311.49,370.42,110126.545154
1756195988000000000,110126.28,110496.68,0.00049,0.1001,110311.48,370.4,110128.084315
1756195989000000000,110126.28,110496.66,0.00049,0.68404,110311.47,370.38,110126.545125
1756195990000000000,110126.3,110496.61,0.04141,0.68404,110311.455,370.31,110147.437966
1756195991000000000,110126.33,110496.54,0.00048,0.00481,110311.435,370.21,110159.921834
1756195992000000000,110126.33,110496.47,0.00048,0.68404,110311.4,370.14,110126.58955
1756195993000000000,110126.33,110496.45,0.00048,0.68404,110311.39,370.12,110126.589536
1756195994000000000,110126.34,110496.42,0.00063,0.00481,110311.38,370.08,110169.198529
1756195995000000000,110126.36,110496.37,0.04141,0.69462,110311.365,370.01,110147.177241
1756195996000000000,110126.39,110496.35,0.04141,0.68404,110311.37,369.96,110147.507987
1756195997000000000,110126.4,110496.34,0.00077,0.00481,110311.37,369.94,110177.449068
1756195998000000000,110126.4,110496.35,0.00077,0.68404,110311.375,369.95,110126.815972
1756195999000000000,110126.42,110496.29,0.00077,0.68404,110311.355,369.87,110126.835882
1756196000000000000,110126.42,110496.27,0.00077,0.1001,110311.345,369.85,110129.243282
1756196001000000000,110126.42,110496.27,0.00077,0.1001,110311.345,369.85,110129.243282
1756196002000000000,110126.44,110496.19,0.04141,0.68404,110311.315,369.75,110147.546
1756196003000000000,110126.48,110496.16,0.04141,0.00481,110311.32,369.68,110457.688325
1756196004000000000,110126.48,110496.12,0.04141,0.68404,110311.3,369.64,110147.579721
1756196005000000000,110126.49,110496.12,0.00163,0.68404,110311.305,369.63,110127.368698
1756196006000000000,110126.5,110496.14,0.00373,0.1001,110311.32,369.64,110139.778987
1756196007000000000,110126.51,110496.11,0.12964,0.00602,110311.31,369.6,110479.708762
1756196008000000000,110126.54,110496.05,0.00163,0.00481,110311.295,369.51,110220.065047
1756196009000000000,110126.56,110496.05,0.00883,0.01058,110311.305,369.49,110294.648444
1756196010000000000,110126.57,110496.03,0.04176,0.1001,110311.3,369.46,110235.32969
1756196011000000000,110126.57,110495.96,0.04176,0.00481,110311.265,369.39,110457.807415
1756196012000000000,110126.59,110495.92,0.04176,0.00481,110311.255,369.33,110457.773612
1756196013000000000,110126.59,110495.89,0.04176,0.68404,110311.24,369.3,110147.838234
1756196014000000000,110126.63,110495.89,0.04176,0.68404,110311.26,369.26,110147.875932
1756196015000000000,110126.65,110495.89,0.04176,0.68404,110311.27,369.24,110147.894781
1756196016000000000,110126.68,110495.85,0.04176,0.1001,110311.265,369.17,110235.354321
1756196017000000000,110126.7,110495.81,0.04176,0.68404,110311.255,369.11,110147.937302
1756196018000000000,110126.71,110495.77,0.00032,0.68404,110311.24,369.06,110126.882569
1756196019000000000,110126.72,110495.84,0.05806,0.12232,110311.28,369.12,110245.530884
1756196020000000000,110126.79,110495.77,0.04176,0.1001,110311.28,368.98,110235.40839
1756196021000000000,110126.79,110495.72,0.04176,0.00481,110311.255,368.93,110457.614926
1756196022000000000,110126.8,110495.77,0.00032,0.1001,110311.285,368.97,110127.975766
1756196023000000000,110126.8,110495.77,0.00032,0.1001,110311.285,368.97,110127.975766
1756196024000000000,110126.82,110495.74,0.04176,0.00481,110311.28,368.92,110457.635959
1756196025000000000,110126.84,110495.72,0.04176,0.68404,110311.28,368.88,110148.064068
1756196026000000000,110126.84,110495.69,0.04176,0.00481,110311.265,368.85,110457.593189
1756196027000000000,110126.84,110495.68,0.04176,0.68404,110311.26,368.84,110148.061767
1756196028000000000,110126.85,110495.71,0.08823,0.00602,110311.28,368.86,110472.149924
1756196029000000000,110126.86,110495.66,0.04176,0.68404,110311.26,368.8,110148.079465
1756196030000000000,110126.86,110495.7,0.14186,0.68404,110311.28,368.84,110190.213484
1756196031000000000,110126.88,110495.68,0.14186,0.80636,110311.28,368.8,110182.054926
1756196032000000000,110126.92,110495.64,0.14186,0.68404,110311.28,368.72,110190.252872
1756196033000000000,110126.94,110495.6,0.14186,0.68404,110311.27,368.66,110190.262566
1756196034000000000,110126.96,110495.58,0.14186,0.68404,110311.27,368.62,110190.275696
1756196035000000000,110126.96,110495.53,0.14186,0.58394,110311.245,368.57,110198.99822
1756196036000000000,110126.99,110495.52,0.00373,0.68404,110311.255,368.53,110128.988658
1756196037000000000,110127.02,110495.5,0.14186,0.68404,110311.26,368.48,110190.311649
1756196038000000000,110127.02,110495.5,0.14186,0.68404,110311.26,368.48,110190.311649
1756196039000000000,110127.04,110495.5,0.14186,0.68404,110311.27,368.46,110190.328214
1756196040000000000,110127.07,110495.48,0.14186,0.68404,110311.275,368.41,110190.349625
1756196041000000000,110127.09,110495.46,0.14186,0.68404,110311.275,368.37,110190.362755
1756196042000000000,110127.09,110495.46,0.04176,0.68404,110311.275,368.37,110148.284725
1756196043000000000,110127.11,110495.46,0.04176,0.68404,110311.285,368.35,110148.303574
1756196044000000000,110127.11,110495.46,0.04176,0.68404,110311.285,368.35,110148.303574
1756196045000000000,110127.13,110495.46,0.04176,0.68404,110311.295,368.33,110148.322423
1756196046000000000,110127.15,110495.44,0.04176,0.68404,110311.295,368.29,110148.340122
1756196047000000000,110127.17,110495.44,0.04176,0.68404,110311.305,368.27,110148.358971
1756196048000000000,110127.18,110495.36,0.00032,0.68404,110311.27,368.18,110127.352157
1756196049000000000,110127.18,110495.35,0.08855,0.01055,110311.265,368.17,110456.155313
1756196050000000000,110127.19,110495.34,0.04176,0.68404,110311.265,368.15,110148.372067
1756196051000000000,110127.21,110495.32,0.04176,0.68404,110311.265,368.11,110148.389765
1756196052000000000,110127.23,110495.32,0.04176,0.68404,110311.275,368.09,110148.408614
1756196053000000000,110127.23,110495.28,0.04176,0.68404,110311.255,368.05,110148.406313
1756196054000000000,110127.28,110495.21,0.00032,0.00481,110311.245,367.93,110150.230799
1756196055000000000,110127.28,110495.24,0.00032,0.68404,110311.26,367.96,110127.452054
1756196056000000000,110127.3,110495.22,0.04176,0.68404,110311.26,367.92,110148.468833
1756196057000000000,110127.3,110495.15,0.04176,0.00481,110311.225,367.85,110457.156474
1756196058000000000,110127.34,110495.08,0.04176,0.68885,110311.21,367.74,110148.359179
1756196059000000000,110127.36,110495.07,0.04176,0.00103,110311.215,367.71,110486.218836
1756196060000000000,110127.37,110495,0.00032,0.68404,110311.185,367.63,110127.5419
1756196061000000000,110127.39,110494.93,0.04176,0.00481,110311.16,367.54,110456.968493
1756196062000000000,110127.41,110494.87,0.04176,0.68404,110311.14,367.46,110148.552366
1756196063000000000,110127.44,110494.79,0.04176,0.68404,110311.115,367.35,110148.576037
1756196064000000000,110127.46,110494.85,0.04176,0.68988,110311.155,367.39,110148.429611
1756196065000000000,110127.48,110494.85,0.04176,0.68988,110311.165,367.37,110148.44847
1756196066000000000,110127.51,110494.85,0.04176,0.6959,110311.18,367.34,110148.305649
1756196067000000000,110127.51,110494.85,0.04176,0.6959,110311.18,367.34,110148.305649
1756196068000000000,110127.53,110494.85,0.04176,0.6959,110311.19,367.32,110148.324517
1756196069000000000,110127.53,110494.85,0.04176,0.6959,110311.19,367.32,110148.324517
1756196070000000000,110127.57,110494.79,0.04176,0.68404,110311.18,367.22,110148.698558
1756196071000000000,110127.59,110494.73,0.04176,0.68404,110311.16,367.14,110148.713955
1756196072000000000,110127.59,110494.66,0.04176,0.00481,110311.125,367.07,110456.747037
1756196073000000000,110127.59,110494.58,0.04176,0.68404,110311.085,366.99,110148.705324
1756196074000000000,110127.6,110494.51,0.08823,0.00602,110311.055,366.91,110471.074475
1756196075000000000,110127.61,110494.43,0.04176,0.00481,110311.02,366.82,110456.542858
1756196076000000000,110127.63,110494.36,0.04176,0.68404,110310.995,366.73,110148.730365
1756196077000000000,110127.65,110494.3,0.04176,0.68404,110310.975,366.65,110148.745762
1756196078000000000,110127.65,110494.23,0.04176,0.00481,110310.94,366.58,110456.367647
1756196079000000000,110127.65,110494.2,0.12999,0.69248,110310.925,366.55,110185.582611
1756196080000000000,110127.65,110494.18,0.12999,0.1001,110310.915,366.53,110334.722166
1756196081000000000,110127.65,110494.14,0.12999,0.68404,110310.895,366.49,110186.173685
1756196082000000000,110127.67,110494.07,0.04176,0.00481,110310.87,366.4,110456.226238
1756196083000000000,110127.69,110494,0.04176,0.68404,110310.845,366.31,110148.7662
1756196084000000000,110127.69,110493.94,0.04176,0.68404,110310.815,366.25,110148.762747
1756196085000000000,110127.69,110493.97,0.04176,0.00481,110310.83,366.28,110456.138632
1756196086000000000,110127.69,110493.94,0.04176,0.68404,110310.815,366.25,110148.762747
1756196087000000000,110127.69,110493.9,0.04176,0.68404,110310.795,366.21,110148.760446
1756196088000000000,110127.71,110493.85,0.04176,0.00481,110310.78,366.14,110456.033092
1756196089000000000,110127.71,110493.86,0.04176,0.1001,110310.785,366.15,110235.495309
1756196090000000000,110127.73,110493.82,0.04176,0.68404,110310.775,366.09,110148.793541
1756196091000000000,110127.75,110493.76,0.04176,0.68404,110310.755,366.01,110148.808939
1756196092000000000,110127.75,110493.7,0.04176,0.68404,110310.725,365.95,110148.805486
1756196093000000000,110127.76,110493.62,0.05806,0.12232,110310.69,365.86,110245.521568
1756196094000000000,110127.77,110493.57,0.04176,0.68404,110310.67,365.8,110148.816856
1756196095000000000,110127.79,110493.55,0.04176,0.68404,110310.67,365.76,110148.834554
1756196096000000000,110127.79,110493.55,0.04176,0.1001,110310.67,365.76,110235.460503
1756196097000000000,110127.79,110493.55,0.04176,0.1001,110310.67,365.76,110235.460503
1756196098000000000,110127.79,110493.48,0.04176,0.00481,110310.635,365.69,110455.709571
1756196099000000000,110127.81,110493.4,0.04176,0.68404,110310.605,365.59,110148.844773
1756196100000000000,110127.83,110493.38,0.04176,0.68404,110310.605,365.55,110148.862472
1756196101000000000,110127.83,110493.31,0.04176,0.00481,110310.57,365.48,110455.56126
1756196102000000000,110127.83,110493.32,0.04176,0.1001,110310.575,365.49,110235.421022
1756196103000000000,110127.83,110493.3,0.04176,0.68404,110310.565,365.47,110148.857869
1756196104000000000,110127.83,110493.22,0.04176,0.68404,110310.525,365.39,110148.853266
1756196105000000000,110127.85,110493.23,0.04176,0.68404,110310.54,365.38,110148.872691
1756196106000000000,110127.85,110493.23,0.04176,0.1001,110310.54,365.38,110235.408641
1756196107000000000,110127.87,110493.21,0.14186,0.68404,110310.54,365.34,110190.622309
1756196108000000000,110127.93,110493.18,0.01423,0.68404,110310.555,365.25,110135.373407
1756196109000000000,110127.93,110493.18,0.01423,0.68404,110310.555,365.25,110135.373407
1756196110000000000,110128,110493.18,0.14186,0.68404,110310.59,365.18,110190.724827
1756196111000000000,110127.94,110493.14,0.14186,0.68404,110310.54,365.2,110190.668263
1756196112000000000,110127.99,110493.1,0.01796,0.68404,110310.545,365.11,110137.330991
1756196113000000000,110128.06,110493.08,0.14186,0.68404,110310.57,365.02,110190.757345
1756196114000000000,110128.05,110493.08,0.01423,0.68404,110310.565,365.03,110135.488923
1756196115000000000,110128.04,110493.08,0.14186,0.68404,110310.56,365.04,110190.74078
1756196116000000000,110128.04,110493.06,0.23009,0.68404,110310.55,365.02,110219.916923
1756196117000000000,110128.06,110493.04,0.14186,0.68404,110310.55,364.98,110190.750474
1756196118000000000,110128.06,110493.04,0.14186,0.68404,110310.55,364.98,110190.750474
1756196119000000000,110128.06,110493.04,0.14186,0.68404,110310.55,364.98,110190.750474
1756196120000000000,110128.07,110493.01,0.08823,0.00602,110310.54,364.94,110469.700305
1756196121000000000,110128.12,110493,0.14186,0.68404,110310.56,364.88,110190.793298
1756196122000000000,110128.1,110492.98,0.14186,0.68404,110310.54,364.88,110190.773298
1756196123000000000,110128.17,110492.96,0.01423,0.68404,110310.565,364.79,110135.604032
1756196124000000000,110128.16,110492.96,0.14186,0.68404,110310.56,364.8,110190.819557
1756196125000000000,110128.18,110492.96,0.14186,0.69006,110310.57,364.78,110190.382725
1756196126000000000,110128.22,110492.96,0.14186,0.69006,110310.59,364.74,110190.415904
1756196127000000000,110128.29,110492.96,0.14186,0.69006,110310.625,364.67,110190.473967
1756196128000000000,110128.24,110492.96,0.1001,0.69006,110310.6,364.72,110174.443898
1756196129000000000,110128.28,110492.94,0.01423,0.00602,110310.61,364.66,110384.532435
1756196130000000000,110128.29,110492.92,0.14629,0.00602,110310.605,364.63,110478.508126
1756196131000000000,110128.36,110492.89,0.14186,0.58394,110310.625,364.53,110199.608589
1756196132000000000,110128.43,110492.85,0.17128,0.58394,110310.64,364.42,110211.078576
1756196133000000000,110128.43,110492.85,0.17128,0.58394,110310.64,364.42,110211.078576
1756196134000000000,110128.47,110492.81,0.14186,0.58394,110310.64,364.34,110199.681453
1756196135000000000,110128.54,110492.79,0.01519,0.58394,110310.665,364.25,110137.774987
1756196136000000000,110128.57,110492.78,0.14186,0.00014,110310.675,364.21,110492.42092
1756196137000000000,110128.59,110492.78,0.1001,0.00014,110310.685,364.19,110492.271355
1756196138000000000,110128.65,110492.76,0.14186,0.58394,110310.705,364.11,110199.816498
1756196139000000000,110128.71,110492.74,0.14186,0.58394,110310.725,364.03,110199.860862
1756196140000000000,110128.69,110492.74,0.14186,0.58394,110310.715,364.05,110199.844771
1756196141000000000,110128.71,110492.74,0.14186,0.58394,110310.725,364.03,110199.860862
1756196142000000000,110128.74,110492.74,0.01519,0.58394,110310.74,364,110137.968648
1756196143000000000,110128.81,110492.74,0.14186,0.58394,110310.775,363.93,110199.941317
1756196144000000000,110128.88,110492.71,0.14186,0.00014,110310.795,363.83,110492.351294
1756196145000000000,110128.94,110492.71,0.14186,0.00014,110310.825,363.77,110492.351354
1756196146000000000,110129,110492.71,0.14186,0.00014,110310.855,363.71,110492.351413
1756196147000000000,110129.05,110492.7,0.01423,0.58394,110310.875,363.65,110137.700951
1756196148000000000,110129.09,110492.69,0.1001,0.00014,110310.89,363.6,110492.182179
1756196149000000000,110129.14,110492.68,0.18069,0.12232,110310.91,363.54,110345.925065
1756196150000000000,110129.15,110492.67,0.14186,0.58394,110310.91,363.52,110200.201181
1756196151000000000,110129.15,110492.66,0.14186,0.00014,110310.905,363.51,110492.30161
1756196152000000000,110129.21,110492.62,0.14186,0.58394,110310.915,363.41,110200.239681
1756196153000000000,110129.26,110492.6,0.1001,0.58394,110310.93,363.34,110182.429894
1756196154000000000,110129.3,110492.6,0.14186,0.58394,110310.95,363.3,110200.308181
1756196155000000000,110129.3,110492.59,0.14186,0.0006,110310.945,363.29,110491.059928
1756196156000000000,110129.35,110492.55,0.01624,0.58394,110310.95,363.2,110139.177665
1756196157000000000,110129.42,110492.55,0.14186,0.58394,110310.985,363.13,110200.394954
1756196158000000000,110129.42,110492.53,0.18069,0.12232,110310.975,363.11,110345.948649
1756196159000000000,110129.48,110492.52,0.14186,0.58394,110311,363.04,110200.437363
1756196160000000000,110129.56,110492.5,0.14186,0.58454,110311.03,362.94,110200.439224
1756196161000000000,110129.61,110492.5,0.01075,0.58454,110311.055,362.89,110136.163222
1756196162000000000,110129.67,110492.48,0.14186,0.58394,110311.075,362.81,110200.582409
1756196163000000000,110129.67,110492.47,0.17128,0.0006,110311.07,362.8,110491.203535
1756196164000000000,110129.69,110492.45,0.17128,0.58394,110311.07,362.76,110211.962097
1756196165000000000,110129.69,110492.45,0.17128,0.58394,110311.07,362.76,110211.962097
1756196166000000000,110129.69,110492.45,0.17128,0.58394,110311.07,362.76,110211.962097
1756196167000000000,110129.69,110492.45,0.17128,0.58394,110311.07,362.76,110211.962097
1756196168000000000,110129.77,110492.41,0.14186,0.58394,110311.09,362.64,110200.649182
1756196169000000000,110129.79,110492.41,0.14186,0.58394,110311.1,362.62,110200.665273
1756196170000000000,110129.83,110492.4,0.1001,0.0006,110311.115,362.57,110490.239702
1756196171000000000,110129.84,110492.4,0.01519,0.0006,110311.12,362.56,110478.623179
1756196172000000000,110129.84,110492.39,0.08823,0.00602,110311.115,362.55,110469.23296
1756196173000000000,110129.86,110492.37,0.18069,0.12232,110311.115,362.51,110346.030859
1756196174000000000,110129.88,110492.36,0.01519,0.58394,110311.12,362.48,110139.070111
1756196175000000000,110129.91,110492.36,0.14186,0.58394,110311.135,362.45,110200.752046
1756196176000000000,110129.99,110492.36,0.14186,0.58394,110311.175,362.37,110200.81641
1756196177000000000,110130.05,110492.32,0.14186,0.58394,110311.185,362.27,110200.856864
1756196178000000000,110130.05,110492.32,0.14186,0.58394,110311.185,362.27,110200.856864
1756196179000000000,110130.13,110492.3,0.14186,0.58394,110311.215,362.17,110200.917319
1756196180000000000,110130.17,110492.3,0.14186,0.58394,110311.235,362.13,110200.949501
1756196181000000000,110130.18,110492.26,0.01519,0.58394,110311.22,362.08,110139.35997
1756196182000000000,110130.19,110492.26,0.14186,0.58394,110311.225,362.07,110200.957774
1756196183000000000,110130.25,110492.24,0.14186,0.58394,110311.245,361.99,110201.002138
1756196184000000000,110130.28,110492.24,0.17128,0.58394,110311.26,361.96,110212.370661
1756196185000000000,110130.36,110492.24,0.14186,0.58996,110311.3,361.88,110200.508803
1756196186000000000,110130.38,110492.24,0.14186,0.58996,110311.31,361.86,110200.524926
1756196187000000000,110130.38,110492.24,0.14186,0.58996,110311.31,361.86,110200.524926
1756196188000000000,110130.42,110492.24,0.15705,0.58996,110311.33,361.82,110206.488367
1756196189000000000,110130.46,110492.24,0.14186,0.58996,110311.35,361.78,110200.589418
1756196190000000000,110130.56,110492.24,0.14186,0.58996,110311.4,361.68,110200.670034
1756196191000000000,110130.61,110492.24,0.14186,0.58996,110311.425,361.63,110200.710341
1756196192000000000,110130.63,110492.24,0.1001,0.58996,110311.435,361.61,110183.085092
1756196193000000000,110130.69,110492.24,0.15705,0.58996,110311.465,361.55,110206.701603
1756196194000000000,110130.69,110492.24,0.17128,0.58996,110311.465,361.55,110212.039225
1756196195000000000,110130.69,110492.24,0.17128,0.58996,110311.465,361.55,110212.039225
1756196196000000000,110130.69,110492.24,0.17128,0.58996,110311.465,361.55,110212.039225
1756196197000000000,110130.72,110492.24,0.10329,0.58996,110311.48,361.52,110184.584264
1756196198000000000,110130.75,110492.24,0.1001,0.58996,110311.495,361.49,110183.187685
1756196199000000000,110130.79,110492.24,0.14186,0.58996,110311.515,361.45,110200.855449
1756196200000000000,110130.77,110492.24,0.14186,0.58996,110311.505,361.47,110200.839326
1756196201000000000,110130.79,110492.24,0.14186,0.58996,110311.515,361.45,110200.855449
1756196202000000000,110130.79,110492.24,0.17128,0.58996,110311.515,361.45,110212.116725
1756196203000000000,110130.83,110492.24,0.14186,0.58996,110311.535,361.41,110200.887695
1756196204000000000,110130.81,110492.24,0.14186,0.58996,110311.525,361.43,110200.871572
1756196205000000000,110130.88,110492.24,0.01519,0.58996,110311.56,361.36,110139.950575
1756196206000000000,110130.97,110492.24,0.14186,0.58996,110311.605,361.27,110201.000557
1756196207000000000,110131.03,110492.24,0.14186,0.58996,110311.635,361.21,110201.048926
1756196208000000000,110130.97,110492.24,0.14186,0.58996,110311.605,361.27,110201.000557
1756196209000000000,110131.05,110492.24,0.14186,0.58996,110311.645,361.19,110201.065049
1756196210000000000,110131.12,110492.24,0.14186,0.58996,110311.68,361.12,110201.12148
1756196211000000000,110131.17,110492.24,0.15705,0.58996,110311.705,361.07,110207.080689
1756196212000000000,110131.17,110492.24,0.17128,0.58996,110311.705,361.07,110212.411224
1756196213000000000,110131.17,110492.24,0.17128,0.58996,110311.705,361.07,110212.411224
1756196214000000000,110131.21,110492.24,0.14186,0.58996,110311.725,361.03,110201.194034
1756196215000000000,110131.24,110492.24,0.15705,0.58996,110311.74,361,110207.135972
1756196216000000000,110131.24,110492.24,0.17128,0.58996,110311.74,361,110212.465474
1756196217000000000,110131.24,110492.24,0.17128,0.58996,110311.74,361,110212.465474
1756196218000000000,110131.26,110492.24,0.14186,0.58996,110311.75,360.98,110201.234342
1756196219000000000,110131.26,110492.24,0.17128,0.58996,110311.75,360.98,110212.480974
1756196220000000000,110131.26,110492.24,0.17128,0.58996,110311.75,360.98,110212.480974
1756196221000000000,110131.28,110492.2,0.14186,0.58394,110311.74,360.92,110201.823002
1756196222000000000,110131.29,110492.2,0.10328,0.58394,110311.745,360.91,110185.529959
1756196223000000000,110131.32,110492.2,0.14186,0.58394,110311.76,360.88,110201.855184
1756196224000000000,110131.32,110492.18,0.14186,0.58394,110311.75,360.86,110201.851275
1756196225000000000,110131.32,110492.16,0.14186,0.58394,110311.74,360.84,110201.847366
1756196226000000000,110131.37,110492.16,0.15705,0.58394,110311.765,360.79,110207.838062
1756196227000000000,110131.42,110492.14,0.01519,0.58394,110311.78,360.72,110140.565489
1756196228000000000,110131.39,110492.14,0.14186,0.58394,110311.765,360.75,110201.899775
1756196229000000000,110131.43,110492.14,0.14186,0.58394,110311.785,360.71,110201.931957
1756196230000000000,110131.41,110492.12,0.14186,0.58394,110311.765,360.71,110201.911957
1756196231000000000,110131.47,110492.12,0.14186,0.58394,110311.795,360.65,110201.96023
1756196232000000000,110131.42,110492.12,0.01519,0.58394,110311.77,360.7,110140.564982
1756196233000000000,110131.45,110492.12,0.14186,0.58394,110311.785,360.67,110201.944139
1756196234000000000,110131.43,110492.12,0.14186,0.58394,110311.775,360.69,110201.928048
1756196235000000000,110131.49,110492.12,0.14186,0.58394,110311.805,360.63,110201.976321
1756196236000000000,110131.51,110492.12,0.14186,0.58394,110311.815,360.61,110201.992412
1756196237000000000,110131.53,110492.12,0.14186,0.58394,110311.825,360.59,110202.008503
1756196238000000000,110131.57,110492.12,0.14186,0.58394,110311.845,360.55,110202.040685
1756196239000000000,110131.64,110492.12,0.01519,0.58394,110311.88,360.48,110140.779404
1756196240000000000,110131.67,110492.12,0.14186,0.58394,110311.895,360.45,110202.121139
1756196241000000000,110131.7,110492.12,0.14186,0.58394,110311.91,360.42,110202.145276
1756196242000000000,110131.73,110492.12,0.01519,0.58394,110311.925,360.39,110140.867122
1756196243000000000,110131.8,110492.12,0.14186,0.58394,110311.96,360.32,110202.225731
1756196244000000000,110131.85,110492.12,0.01519,0.58394,110311.985,360.27,110140.98408
1756196245000000000,110131.92,110492.12,0.14186,0.58394,110312.02,360.2,110202.322276
1756196246000000000,110131.88,110492.13,0.14186,0.00602,110312.005,360.25,110477.464697
1756196247000000000,110131.88,110492.12,0.14186,0.58394,110312,360.24,110202.290094
1756196248000000000,110131.94,110492.12,0.14186,0.58394,110312.03,360.18,110202.338367
1756196249000000000,110131.97,110492.13,0.01519,0.00602,110312.05,360.16,110389.90637
1756196250000000000,110131.97,110492.13,0.02942,0.00602,110312.05,360.16,110430.95158
1756196251000000000,110132.04,110492.12,0.14186,0.58394,110312.08,360.08,110202.418822
1756196252000000000,110132.08,110492.12,0.17128,0.58394,110312.1,360.04,110213.735215
1756196253000000000,110132.08,110492.12,0.17128,0.58394,110312.1,360.04,110213.735215
1756196254000000000,110132.08,110492.12,0.17128,0.58394,110312.1,360.04,110213.735215
1756196255000000000,110132.08,110492.12,0.17128,0.58394,110312.1,360.04,110213.735215
1756196256000000000,110132.14,110492.12,0.18069,0.58394,110312.13,359.98,110217.207008
1756196257000000000,110132.15,110492.12,0.17128,0.58394,110312.135,359.97,110213.789339
1756196258000000000,110132.15,110492.12,0.17128,0.58394,110312.135,359.97,110213.789339
1756196259000000000,110132.18,110492.09,0.01519,0.58394,110312.135,359.91,110141.304953
1756196260000000000,110132.23,110492.09,0.14186,0.58394,110312.16,359.86,110202.565822
1756196261000000000,110132.29,110492.09,0.14186,0.58394,110312.19,359.8,110202.614095
1756196262000000000,110132.29,110492.07,0.01519,0.58394,110312.18,359.78,110141.411657
1756196263000000000,110132.34,110492.07,0.14186,0.58996,110312.205,359.73,110202.072035
1756196264000000000,110132.36,110492.07,0.15705,0.58996,110312.215,359.71,110207.984765
1756196265000000000,110132.4,110492.07,0.1001,0.58996,110312.235,359.67,110184.573676
1756196266000000000,110132.44,110492.07,0.14186,0.58996,110312.255,359.63,110202.15265
1756196267000000000,110132.43,110492.07,0.01519,0.58996,110312.25,359.64,110141.457401
1756196268000000000,110132.51,110492.07,0.22997,0.58996,110312.29,359.56,110233.357649
1756196269000000000,110132.53,110492.07,0.1001,0.58996,110312.3,359.54,110184.684818
1756196270000000000,110132.54,110492.07,0.01519,0.58996,110312.305,359.53,110141.56464
1756196271000000000,110132.53,110492.07,0.1001,0.58996,110312.3,359.54,110184.684818
1756196272000000000,110132.55,110492.07,0.14186,0.58996,110312.31,359.52,110202.241327
1756196273000000000,110132.62,110492.07,0.01519,0.58996,110312.345,359.45,110141.642632
1756196274000000000,110132.64,110492.04,0.14186,0.00602,110312.34,359.4,110477.409299
1756196275000000000,110132.63,110492.03,0.14186,0.58394,110312.33,359.4,110202.875913
1756196276000000000,110132.65,110492.01,0.14186,0.58394,110312.33,359.36,110202.888095
1756196277000000000,110132.66,110491.99,0.14186,0.58394,110312.325,359.33,110202.892232
1756196278000000000,110132.66,110491.99,0.14186,0.58394,110312.325,359.33,110202.892232
1756196279000000000,110132.71,110491.99,0.01423,0.58996,110312.35,359.28,110141.171832
1756196280000000000,110132.7,110491.97,0.14186,0.58394,110312.335,359.27,110202.920505
1756196281000000000,110132.77,110491.95,0.14186,0.58394,110312.36,359.18,110202.972914
1756196282000000000,110132.78,110491.95,0.17128,0.58394,110312.365,359.17,110214.237903
1756196283000000000,110132.78,110491.93,0.17128,0.58394,110312.355,359.15,110214.233367
1756196284000000000,110132.78,110491.93,0.17128,0.58394,110312.355,359.15,110214.233367
1756196285000000000,110132.82,110491.93,0.14186,0.58394,110312.375,359.11,110203.009232
1756196286000000000,110132.88,110491.91,0.14186,0.58394,110312.395,359.03,110203.053596
1756196287000000000,110132.92,110491.89,0.14186,0.58394,110312.405,358.97,110203.081869
1756196288000000000,110132.9,110491.89,0.14186,0.58394,110312.395,358.99,110203.065778
1756196289000000000,110132.98,110491.89,0.14186,0.58394,110312.435,358.91,110203.130141
1756196290000000000,110133.04,110491.89,0.14186,0.58394,110312.465,358.85,110203.178414
1756196291000000000,110132.98,110491.89,0.14275,0.58394,110312.435,358.91,110203.483795
1756196292000000000,110133.02,110491.87,0.14186,0.58394,110312.445,358.85,110203.158414
1756196293000000000,110134.65,110491.85,0.15705,0.58394,110313.25,357.2,110210.357176
1756196294000000000,110134.66,110491.85,0.00089,0.58394,110313.255,357.19,110135.203575
1756196295000000000,110134.7,110491.85,0.14186,0.58996,110313.275,357.15,110203.931914
1756196296000000000,110134.78,110491.85,0.14186,0.58996,110313.315,357.07,110203.996406
1756196297000000000,110134.69,110491.85,0.00089,0.58996,110313.27,357.16,110135.227992
1756196298000000000,110134.76,110491.83,0.14186,0.58394,110313.295,357.07,110204.550507
1756196299000000000,110134.76,110491.83,0.14186,0.58394,110313.295,357.07,110204.550507
1756196300000000000,110134.81,110491.81,0.01519,0.58394,110313.31,357,110143.861174
1756196301000000000,110134.85,110491.81,0.00089,0.58394,110313.33,356.96,110135.393225
1756196302000000000,110134.9,110491.81,0.14186,0.58394,110313.355,356.91,110204.659235
1756196303000000000,110134.93,110491.81,0.00089,0.58394,110313.37,356.88,110135.473103
1756196304000000000,110134.95,110491.79,0.14186,0.58394,110313.37,356.84,110204.695553
1756196305000000000,110135.01,110491.75,0.32255,0.58394,110313.38,356.74,110261.9463
1756196306000000000,110135.12,110491.71,0.14186,0.58394,110313.415,356.59,110204.81669
1756196307000000000,110135.11,110491.71,0.00096,0.58394,110313.41,356.6,110135.69529
1756196308000000000,110135.2,110491.71,0.00089,0.58996,110313.455,356.51,110135.737013
1756196309000000000,110135.26,110491.69,0.18069,0.12232,110313.475,356.43,110347.805252
1756196310000000000,110135.36,110491.62,0.14186,0.58394,110313.49,356.26,110204.99219
1756196311000000000,110135.36,110491.62,0.17128,0.58394,110313.49,356.26,110216.15793
1756196312000000000,110135.36,110491.6,0.17128,0.58394,110313.48,356.24,110216.153394
1756196313000000000,110135.36,110491.6,0.17128,0.58394,110313.48,356.24,110216.153394
1756196314000000000,110135.37,110491.6,0.08811,0.58394,110313.485,356.23,110182.074003
1756196315000000000,110135.41,110491.6,0.01519,0.58394,110313.505,356.19,110144.440638
1756196316000000000,110135.5,110491.56,0.14186,0.58394,110313.53,356.06,110205.093099
1756196317000000000,110135.44,110491.56,0.14186,0.58394,110313.5,356.12,110205.044827
1756196318000000000,110135.46,110491.56,0.14186,0.58394,110313.51,356.1,110205.060918
1756196319000000000,110135.52,110491.56,0.14186,0.58394,110313.54,356.04,110205.10919
1756196320000000000,110136.21,110491.53,0.14186,0.58394,110313.87,355.32,110205.658464
1756196321000000000,110136.24,110491.53,0.01519,0.58394,110313.885,355.29,110145.24782
1756196322000000000,110136.27,110491.51,0.17128,0.58394,110313.89,355.24,110216.836599
1756196323000000000,110136.3,110491.49,0.01519,0.58394,110313.895,355.19,110145.305284
1756196324000000000,110136.34,110491.49,0.00098,0.58394,110313.915,355.15,110136.935034
1756196325000000000,110136.38,110491.49,0.14186,0.58996,110313.935,355.11,110205.216469
1756196326000000000,110136.37,110491.49,0.14186,0.58996,110313.93,355.12,110205.208407
1756196327000000000,110136.44,110491.48,0.18069,0.12232,110313.96,355.04,110348.156371
1756196328000000000,110136.49,110491.43,0.14186,0.58394,110313.96,354.94,110205.864192
1756196329000000000,110136.54,110491.41,0.14275,0.58394,110313.975,354.87,110206.250182
1756196330000000000,110136.57,110491.41,0.01519,0.58394,110313.99,354.84,110145.566411
1756196331000000000,110136.55,110491.41,0.14186,0.58394,110313.98,354.86,110205.908556
1756196332000000000,110136.55,110491.41,0.14186,0.58394,110313.98,354.86,110205.908556
1756196333000000000,110136.6,110491.4,0.18069,0.12232,110314,354.8,110348.173255
1756196334000000000,110136.61,110491.39,0.14186,0.58394,110314,354.78,110205.952919
1756196335000000000,110136.93,110491.39,0.14186,0.58394,110314.16,354.46,110206.210374
1756196336000000000,110136.96,110491.37,0.01423,0.58394,110314.165,354.41,110145.391139
1756196337000000000,110137.03,110491.35,0.14186,0.58394,110314.19,354.32,110206.283011
1756196338000000000,110136.96,110491.35,0.01423,0.58394,110314.155,354.39,110145.390663
1756196339000000000,110137.05,110491.33,0.14186,0.58394,110314.19,354.28,110206.295193
1756196340000000000,110137.08,110491.33,0.01423,0.58394,110314.205,354.25,110145.507333
1756196341000000000,110137.13,110491.29,0.14186,0.58394,110314.21,354.16,110206.351738
1756196342000000000,110137.09,110491.29,0.14186,0.58394,110314.19,354.2,110206.319556
1756196343000000000,110137.14,110491.29,0.15705,0.58394,110314.215,354.15,110212.20074
1756196344000000000,110137.16,110491.29,0.17128,0.58394,110314.225,354.13,110217.474857
1756196345000000000,110137.19,110491.25,0.14186,0.58394,110314.22,354.06,110206.392193
1756196346000000000,110137.25,110491.25,0.14186,0.58394,110314.25,354,110206.440466
1756196347000000000,110137.21,110491.25,0.14186,0.58394,110314.23,354.04,110206.408284
1756196348000000000,110137.26,110491.21,0.2442,0.58394,110314.235,353.95,110241.631954
1756196349000000000,110137.36,110491.19,0.14186,0.58394,110314.275,353.83,110206.517239
1756196350000000000,110137.35,110491.16,0.01423,0.58394,110314.255,353.81,110145.766865
1756196351000000000,110137.4,110491.12,0.15609,0.58394,110314.26,353.72,110212.007995
1756196352000000000,110137.46,110491.1,0.15609,0.58394,110314.28,353.64,110212.051121
1756196353000000000,110137.52,110491.06,0.14186,0.58394,110314.29,353.54,110206.620557
1756196354000000000,110137.53,110491.05,0.11454,0.00602,110314.29,353.52,110473.397459
1756196355000000000,110137.55,110491.03,0.05806,0.12232,110314.29,353.48,110251.326742
1756196356000000000,110137.6,110491.02,0.14186,0.68404,110314.31,353.42,110198.304881
1756196357000000000,110137.6,110491.02,0.14186,0.68404,110314.31,353.42,110198.304881
1756196358000000000,110137.62,110491,0.14186,0.68404,110314.31,353.38,110198.31801
1756196359000000000,110137.65,110490.97,0.00027,0.68404,110314.31,353.32,110137.789405
1756196360000000000,110137.66,110490.97,0.14186,0.68404,110314.315,353.31,110198.345987
1756196361000000000,110137.66,110490.97,0.14186,0.68404,110314.315,353.31,110198.345987
1756196362000000000,110137.7,110490.97,0.14186,0.58394,110314.335,353.27,110206.747785
1756196363000000000,110137.76,110490.91,0.14186,0.58394,110314.335,353.15,110206.78433
1756196364000000000,110137.83,110490.91,0.01423,0.58394,110314.37,353.08,110146.229499
1756196365000000000,110137.76,110490.91,0.14186,0.58394,110314.335,353.15,110206.78433
1756196366000000000,110137.78,110490.91,0.14186,0.58394,110314.345,353.13,110206.800421
1756196367000000000,110137.83,110490.89,0.14186,0.58394,110314.36,353.06,110206.83674
1756196368000000000,110137.89,110490.87,0.14186,0.58394,110314.38,352.98,110206.881103
1756196369000000000,110137.87,110490.89,0.05806,0.12232,110314.38,353.02,110251.498679
1756196370000000000,110137.89,110490.89,0.05806,0.12232,110314.39,353,110251.512242
1756196371000000000,110137.96,110490.83,0.04176,0.68404,110314.395,352.87,110158.262909
1756196372000000000,110137.98,110490.77,0.04176,0.68404,110314.375,352.79,110158.278306
1756196373000000000,110137.98,110490.81,0.04176,0.68404,110314.395,352.83,110158.280607
1756196374000000000,110137.98,110490.77,0.04176,0.68404,110314.375,352.79,110158.278306
1756196375000000000,110138.02,110490.7,0.04176,0.68404,110314.36,352.68,110158.311977
1756196376000000000,110138.02,110490.63,0.04176,0.00481,110314.325,352.61,110454.210543
1756196377000000000,110138.05,110490.56,0.04176,0.1001,110314.305,352.51,110241.820038
1756196378000000000,110138.16,110490.48,0.04176,0.68404,110314.32,352.32,110158.431264
1756196379000000000,110138.18,110490.46,0.08812,0.00602,110314.32,352.28,110467.932641
1756196380000000000,110138.21,110490.41,0.04176,0.68404,110314.31,352.2,110158.474359
1756196381000000000,110138.21,110490.41,0.04176,0.68404,110314.31,352.2,110158.474359
1756196382000000000,110138.22,110490.4,0.05806,0.12232,110314.31,352.18,110251.578304
1756196383000000000,110138.23,110490.37,0.04176,0.68404,110314.3,352.14,110158.490907
1756196384000000000,110138.26,110490.32,0.0002,0.00103,110314.29,352.06,110195.505528
1756196385000000000,110138.26,110490.29,0.0002,0.68404,110314.275,352.03,110138.362897
1756196386000000000,110138.26,110490.28,0.0002,0.0041,110314.27,352.02,110154.633023
1756196387000000000,110138.28,110490.2,0.04176,0.68404,110314.24,351.92,110158.528249
1756196388000000000,110138.32,110490.16,0.04176,0.68404,110314.24,351.84,110158.563646
1756196389000000000,110138.33,110490.2,0.0002,0.68404,110314.265,351.87,110138.43285
1756196390000000000,110138.33,110490.2,0.0002,0.68404,110314.265,351.87,110138.43285
1756196391000000000,110138.33,110490.2,0.0002,0.68404,110314.265,351.87,110138.43285
1756196392000000000,110138.35,110490.2,0.04176,0.68404,110314.275,351.85,110158.594222
1756196393000000000,110138.39,110490.15,0.04176,0.68404,110314.27,351.76,110158.629043
1756196394000000000,110138.42,110490.13,0.14186,0.68404,110314.275,351.71,110198.831164
1756196395000000000,110138.44,110490.09,0.14186,0.68404,110314.265,351.65,110198.840858
1756196396000000000,110138.46,110490.07,0.14186,0.68404,110314.265,351.61,110198.853988
1756196397000000000,110138.47,110490.07,0.0002,0.68404,110314.27,351.6,110138.572771
1756196398000000000,110138.47,110490.05,0.0002,0.1001,110314.26,351.58,110139.171057
1756196399000000000,110138.49,110490.03,0.14186,0.68404,110314.26,351.54,110198.871964
1756196400000000000,110138.51,110490.01,0.14186,0.68404,110314.26,351.5,110198.885094
1756196401000000000,110138.53,110489.97,0.14186,0.68404,110314.25,351.44,110198.894788
1756196402000000000,110138.53,110489.97,0.14186,0.58394,110314.25,351.44,110207.220105
1756196403000000000,110138.59,110489.93,0.14186,0.58394,110314.26,351.34,110207.26056
1756196404000000000,110138.6,110489.93,0.01423,0.58394,110314.265,351.33,110146.957868
1756196405000000000,110138.63,110489.91,0.14186,0.58394,110314.27,351.28,110207.288833
1756196406000000000,110138.65,110489.89,0.14186,0.58394,110314.27,351.24,110207.301015
1756196407000000000,110138.69,110489.89,0.14186,0.58394,110314.29,351.2,110207.333196
1756196408000000000,110138.65,110489.89,0.14186,0.58394,110314.27,351.24,110207.301015
1756196409000000000,110138.65,110489.87,0.22998,0.58394,110314.26,351.22,110237.89019
1756196410000000000,110138.66,110489.86,0.05806,0.12232,110314.26,351.2,110251.702865
1756196411000000000,110138.68,110489.85,0.0002,0.68404,110314.265,351.17,110138.782645
1756196412000000000,110138.7,110489.82,0.05806,0.68404,110314.26,351.12,110166.170728
1756196413000000000,110138.72,110489.78,0.14186,0.68404,110314.25,351.06,110199.019518
1756196414000000000,110138.74,110489.78,0.14186,0.68404,110314.26,351.04,110199.036082
1756196415000000000,110138.74,110489.78,0.04176,0.68404,110314.26,351.04,110158.937617
1756196416000000000,110138.76,110489.72,0.04176,0.68404,110314.24,350.96,110158.953014
1756196417000000000,110138.76,110489.68,0.04176,0.00391,110314.22,350.92,110459.636269
1756196418000000000,110138.8,110489.61,0.04176,0.68404,110314.205,350.81,110158.984384
1756196419000000000,110138.8,110489.61,0.04176,0.68404,110314.205,350.81,110158.984384
1756196420000000000,110138.8,110489.54,0.04176,0.00391,110314.17,350.74,110459.511679
1756196421000000000,110138.8,110489.59,0.04176,0.68404,110314.195,350.79,110158.983233
1756196422000000000,110138.84,110489.52,0.04176,0.68404,110314.18,350.68,110159.016904
1756196423000000000,110138.84,110489.54,0.04176,0.68404,110314.19,350.7,110159.018055
1756196424000000000,110138.88,110489.46,0.04176,0.68404,110314.17,350.58,110159.05115
1756196425000000000,110138.88,110489.5,0.04176,0.68404,110314.19,350.62,110159.053452
1756196426000000000,110138.9,110489.46,0.12988,0.68404,110314.18,350.56,110194.840059
1756196427000000000,110138.92,110489.42,0.04176,0.68404,110314.17,350.5,110159.086547
1756196428000000000,110139.02,110489.32,0.04176,0.68404,110314.17,350.3,110159.17504
1756196429000000000,110139.06,110489.26,0.04176,0.68404,110314.16,350.2,110159.209286
1756196430000000000,110139.12,110489.17,0.09982,0.68885,110314.145,350.05,110183.424958
1756196431000000000,110139.1,110489.11,0.04176,0.68404,110314.105,350.01,110159.238354
1756196432000000000,110139.1,110488.95,0.04176,0.68404,110314.025,349.85,110159.229149
1756196433000000000,110139.1,110488.88,0.04176,0.00481,110313.99,349.78,110452.752841
1756196434000000000,110138.9,110488.85,0.04176,0.68404,110313.875,349.95,110159.034902
1756196435000000000,110138.92,110488.77,0.04176,0.68404,110313.845,349.85,110159.049149
1756196436000000000,110138.92,110488.71,0.04176,0.68404,110313.815,349.79,110159.045696
1756196437000000000,110138.92,110488.82,0.04176,0.68404,110313.87,349.9,110159.052025
1756196438000000000,110138.94,110488.74,0.04176,0.68404,110313.84,349.8,110159.066272
1756196439000000000,110138.94,110488.66,0.04176,0.12232,110313.8,349.72,110227.947235
1756196440000000000,110138.94,110488.59,0.04176,0.12232,110313.765,349.65,110227.92942
1756196441000000000,110138.94,110488.46,0.04176,0.68404,110313.7,349.52,110159.050161
1756196442000000000,110138.93,110488.34,0.08812,0.12232,110313.635,349.41,110285.242532
1756196443000000000,110138.94,110488.24,0.0003,0.68404,110313.59,349.3,110139.093126
1756196444000000000,110138.95,110488.23,0.08813,0.00481,110313.59,349.28,110470.153426
1756196445000000000,110138.95,110488.22,0.08813,0.68404,110313.585,349.27,110178.813197
1756196446000000000,110138.95,110488.24,0.08813,0.68404,110313.595,349.29,110178.81548
1756196447000000000,110138.95,110488.19,0.08813,0.00481,110313.57,349.24,110470.115496
1756196448000000000,110138.95,110488.13,0.08813,0.00125,110313.54,349.18,110483.246637
1756196449000000000,110138.95,110488.05,0.08813,0.00481,110313.5,349.1,110469.982742
1756196450000000000,110138.95,110488.05,0.08813,0.00481,110313.5,349.1,110469.982742
1756196451000000000,110138.95,110488,0.08813,0.68404,110313.475,349.05,110178.788088
1756196452000000000,110138.95,110487.97,0.08813,0.00481,110313.46,349.02,110469.906882
1756196453000000000,110138.95,110487.97,0.08813,0.68404,110313.46,349.02,110178.784664
1756196454000000000,110138.95,110487.97,0.08813,0.69462,110313.46,349.02,110178.246241
1756196455000000000,110138.95,110487.95,0.08813,0.68404,110313.45,349,110178.782381
1756196456000000000,110138.95,110487.92,0.08813,0.00481,110313.435,348.97,110469.85947
1756196457000000000,110138.95,110487.93,0.08813,0.68404,110313.44,348.98,110178.780099
1756196458000000000,110138.95,110487.93,0.08813,0.68404,110313.44,348.98,110178.780099
1756196459000000000,110138.97,110487.9,0.08814,0.00481,110313.435,348.93,110469.843483
1756196460000000000,110138.97,110487.83,0.08814,0.68404,110313.4,348.86,110178.790405
1756196461000000000,110138.98,110487.84,0.0003,0.00481,110313.41,348.86,110159.461018
1756196462000000000,110138.98,110487.87,0.0003,0.68404,110313.425,348.89,110139.132946
1756196463000000000,110138.99,110487.85,0.08814,0.68404,110313.42,348.86,110178.810405
1756196464000000000,110138.99,110487.85,0.08814,0.68404,110313.42,348.86,110178.810405
1756196465000000000,110138.99,110487.85,0.08814,0.68404,110313.42,348.86,110178.810405
1756196466000000000,110138.99,110487.82,0.08814,0.68885,110313.405,348.83,110178.560492
1756196467000000000,110138.99,110487.77,0.08814,0.68404,110313.38,348.78,110178.801274
1756196468000000000,110139.01,110487.69,0.08814,0.68404,110313.35,348.68,110178.809859
1756196469000000000,110139.01,110487.63,0.08814,0.68404,110313.32,348.62,110178.80301
1756196470000000000,110139.01,110487.67,0.08814,0.68404,110313.34,348.66,110178.807576
1756196471000000000,110139.02,110487.65,0.00909,0.68404,110313.335,348.63,110143.592081
1756196472000000000,110139.04,110487.65,0.08814,0.68404,110313.345,348.61,110178.831869
1756196473000000000,110139.04,110487.59,0.08814,0.58394,110313.315,348.55,110184.750625
1756196474000000000,110139.04,110487.62,0.08814,0.68404,110313.33,348.58,110178.828445
1756196475000000000,110139.04,110487.58,0.08814,0.68404,110313.31,348.54,110178.823879
1756196476000000000,110139.04,110487.54,0.08814,0.68404,110313.29,348.5,110178.819313
1756196477000000000,110139.06,110487.51,0.08814,0.68404,110313.285,348.45,110178.833606
1756196478000000000,110139.07,110487.46,0.0003,0.68404,110313.265,348.39,110139.222727
1756196479000000000,110139.05,110487.46,0.00559,0.69462,110313.255,348.41,110141.831468
1756196480000000000,110139.07,110487.46,0.00399,0.70064,110313.265,348.39,110141.042775
1756196481000000000,110139.07,110487.45,0.00399,0.12232,110313.26,348.38,110150.074958
1756196482000000000,110139.07,110487.38,0.00399,0.68404,110313.225,348.31,110141.089907
1756196483000000000,110139.08,110487.4,0.08815,0.68404,110313.24,348.32,110178.842763
1756196484000000000,110139.08,110487.35,0.08815,0.68404,110313.215,348.27,110178.837055
1756196485000000000,110139.08,110487.29,0.08815,0.12232,110313.185,348.21,110284.918892
1756196486000000000,110139.08,110487.24,0.08815,0.1001,110313.16,348.16,110302.109503
1756196487000000000,110139.07,110487.1,0.00399,0.68404,110313.085,348.03,110141.088284
1756196488000000000,110139.07,110487.04,0.00399,0.68404,110313.055,347.97,110141.087936
1756196489000000000,110139.07,110486.99,0.00399,0.00481,110313.03,347.92,110296.820091
1756196490000000000,110139.07,110486.99,0.00399,0.01058,110313.03,347.92,110234.348023
1756196491000000000,110139.07,110486.99,0.00399,0.01058,110313.03,347.92,110234.348023
1756196492000000000,110139.07,110486.98,0.00399,0.68404,110313.025,347.91,110141.087588
1756196493000000000,110139.07,110486.9,0.00399,0.68404,110312.985,347.83,110141.087124
1756196494000000000,110139.07,110486.84,0.01331,0.68404,110312.955,347.77,110145.707727
1756196495000000000,110139.07,110486.8,0.01331,0.68404,110312.935,347.73,110145.706963
1756196496000000000,110139.07,110486.73,0.01331,0.00481,110312.9,347.66,110394.44277
1756196497000000000,110139.08,110486.68,0.08815,0.1001,110312.88,347.6,110301.847278
1756196498000000000,110139.08,110486.63,0.08815,0.00577,110312.855,347.55,110465.278174
1756196499000000000,110139.08,110486.54,0.08815,0.68404,110312.81,347.46,110178.744589
1756196500000000000,110139.08,110486.43,0.08815,0.00602,110312.755,347.35,110464.224977
1756196501000000000,110139.08,110486.37,0.08815,0.00481,110312.725,347.29,110468.400283
1756196502000000000,110139.07,110486.25,0.00932,0.12232,110312.66,347.18,110163.650049
1756196503000000000,110139.07,110486.17,0.00932,0.00481,110312.62,347.1,110368.013524
1756196504000000000,110139.07,110486.12,0.01712,0.1001,110312.595,347.05,110189.756709
1756196505000000000,110139.07,110486.06,0.01712,0.1001,110312.565,346.99,110189.747946
1756196506000000000,110139.08,110486.01,0.08815,0.00481,110312.545,346.93,110468.05891
1756196507000000000,110139.08,110485.96,0.08815,0.68404,110312.52,346.88,110178.678379
1756196508000000000,110139.08,110485.88,0.08815,0.68404,110312.48,346.8,110178.669246
1756196509000000000,110139.08,110485.8,0.08815,0.68404,110312.44,346.72,110178.660114
1756196510000000000,110139.08,110485.78,0.08815,0.1001,110312.43,346.7,110301.425843
1756196511000000000,110139.08,110485.81,0.08815,0.00481,110312.445,346.73,110467.869259
1756196512000000000,110139.08,110485.79,0.08815,0.00893,110312.435,346.71,110453.897537
1756196513000000000,110139.08,110485.74,0.08815,0.6843,110312.41,346.66,110178.639944
1756196514000000000,110139.07,110485.64,0.0078,0.68404,110312.355,346.57,110142.977328
1756196515000000000,110139.07,110485.58,0.0078,0.68404,110312.325,346.51,110142.976652
1756196516000000000,110139.07,110485.51,0.0078,0.68404,110312.29,346.44,110142.975863
1756196517000000000,110139.07,110485.47,0.0078,0.1001,110312.27,346.4,110164.110964
1756196518000000000,110139.07,110485.43,0.0078,0.68404,110312.25,346.36,110142.974961
1756196519000000000,110139.07,110485.37,0.0078,0.68404,110312.22,346.3,110142.974284
1756196520000000000,110139.07,110485.32,0.0078,0.00481,110312.195,346.25,110353.245258
1756196521000000000,110139.07,110485.24,0.0078,0.00602,110312.155,346.17,110334.448148
1756196522000000000,110139.07,110485.19,0.0078,0.68404,110312.13,346.12,110142.972255
1756196523000000000,110139.08,110485.17,0.08815,0.1001,110312.125,346.09,110301.140205
1756196524000000000,110139.08,110485.13,0.08815,0.68404,110312.105,346.05,110178.583629
1756196525000000000,110139.08,110485.08,0.08815,0.00481,110312.08,346,110467.177031
1756196526000000000,110139.08,110485.03,0.08815,0.68404,110312.055,345.95,110178.572214
1756196527000000000,110139.08,110484.98,0.08815,0.1001,110312.03,345.9,110301.051235
1756196528000000000,110139.08,110484.99,0.08815,0.68503,110312.035,345.91,110178.517086
1756196529000000000,110139.1,110484.97,0.08815,0.68404,110312.035,345.87,110178.583081
1756196530000000000,110139.1,110484.93,0.08815,0.68404,110312.015,345.83,110178.578515
1756196531000000000,110139.1,110484.91,0.08815,0.68404,110312.005,345.81,110178.576232
1756196532000000000,110139.1,110484.9,0.08815,0.00481,110312,345.8,110467.00738
1756196533000000000,110139.1,110484.91,0.08815,0.68404,110312.005,345.81,110178.576232
1756196534000000000,110139.1,110484.85,0.08815,0.69006,110311.975,345.75,110178.264059
1756196535000000000,110139.1,110484.79,0.08815,0.68404,110311.945,345.69,110178.562533
1756196536000000000,110139.1,110484.84,0.08815,0.68404,110311.97,345.74,110178.568241
1756196537000000000,110139.1,110484.83,0.08815,0.00481,110311.965,345.73,110466.941002
1756196538000000000,110139.1,110484.74,0.08815,0.68404,110311.92,345.64,110178.556825
1756196539000000000,110139.1,110484.66,0.08815,0.68404,110311.88,345.56,110178.547693
1756196540000000000,110139.09,110484.69,0.00759,0.00481,110311.89,345.6,110350.630645
1756196541000000000,110139.09,110484.62,0.00759,0.68404,110311.855,345.53,110142.881872
1756196542000000000,110139.09,110484.52,0.00759,0.68404,110311.805,345.43,110142.880775
1756196543000000000,110139.09,110484.46,0.00759,0.68404,110311.775,345.37,110142.880117
1756196544000000000,110139.09,110484.37,0.00759,0.68404,110311.73,345.28,110142.879129
1756196545000000000,110139.09,110484.27,0.00759,0.68885,110311.68,345.18,110142.851869
1756196546000000000,110139.09,110484.27,0.00759,0.69462,110311.68,345.18,110142.820958
1756196547000000000,110139.09,110484.22,0.00759,0.1001,110311.655,345.13,110163.414791
1756196548000000000,110139.09,110484.18,0.00759,0.68404,110311.635,345.09,110142.877044
1756196549000000000,110139.09,110484.12,0.00759,0.1001,110311.605,345.03,110163.407743
1756196550000000000,110139.09,110484.04,0.00759,0.68404,110311.565,344.95,110142.875507
1756196551000000000,110139.09,110483.93,0.00759,0.68404,110311.51,344.84,110142.8743
1756196552000000000,110139.09,110483.89,0.00759,0.1001,110311.49,344.8,110163.391532
1756196553000000000,110139.09,110483.87,0.00759,0.1001,110311.48,344.78,110163.390123
1756196554000000000,110139.09,110483.83,0.00759,0.1001,110311.46,344.74,110163.387303
1756196555000000000,110139.09,110483.79,0.0147,0.68404,110311.44,344.7,110146.341753
1756196556000000000,110139.09,110483.71,0.0147,0.1001,110311.4,344.62,110183.218171
1756196557000000000,110139.09,110483.65,0.0147,0.68404,110311.37,344.56,110146.338808
1756196558000000000,110139.09,110483.6,0.0147,0.69462,110311.345,344.51,110146.229651
1756196559000000000,110139.09,110483.6,0.0147,0.70064,110311.345,344.51,110146.169566
1756196560000000000,110139.09,110483.58,0.0147,0.68885,110311.335,344.49,110146.287787
1756196561000000000,110139.09,110483.58,0.0147,0.69462,110311.335,344.49,110146.229236
1756196562000000000,110139.09,110483.58,0.0147,0.69462,110311.335,344.49,110146.229236
1756196563000000000,110139.09,110483.58,0.0147,0.69462,110311.335,344.49,110146.229236
1756196564000000000,110139.09,110483.51,0.0147,0.12232,110311.3,344.42,110176.04062
1756196565000000000,110139.09,110483.46,0.0147,0.68404,110311.275,344.37,110146.334811
1756196566000000000,110139.09,110483.39,0.0147,0.00481,110311.24,344.3,110398.506197
1756196567000000000,110139.09,110483.38,0.00711,0.1001,110311.235,344.29,110161.922776
1756196568000000000,110139.09,110483.31,0.00711,0.00481,110311.2,344.22,110344.409144
1756196569000000000,110139.1,110483.23,0.0089,0.68404,110311.165,344.13,110143.519945
1756196570000000000,110139.1,110483.15,0.0089,0.68404,110311.125,344.05,110143.518918
1756196571000000000,110139.1,110483.09,0.0089,0.68404,110311.095,343.99,110143.518147
1756196572000000000,110139.1,110483.01,0.01738,0.68404,110311.055,343.91,110147.621508
1756196573000000000,110139.1,110482.95,0.01738,0.68404,110311.025,343.85,110147.620021
1756196574000000000,110139.1,110482.93,0.01738,0.80636,110311.015,343.83,110146.354431
1756196575000000000,110139.1,110482.88,0.01738,0.00481,110310.99,343.78,110408.360766
1756196576000000000,110139.1,110482.83,0.01738,0.68404,110310.965,343.73,110147.617047
1756196577000000000,110139.1,110482.77,0.01738,0.68404,110310.935,343.67,110147.615561
1756196578000000000,110139.1,110482.73,0.01738,0.1001,110310.915,343.63,110189.936648
1756196579000000000,110139.1,110482.71,0.01738,0.68404,110310.905,343.61,110147.614074
1756196580000000000,110139.1,110482.69,0.01738,0.68404,110310.895,343.59,110147.613578
1756196581000000000,110139.1,110482.64,0.01738,0.00481,110310.87,343.54,110408.17279
1756196582000000000,110139.1,110482.61,0.01738,0.1001,110310.855,343.51,110189.918895
1756196583000000000,110139.1,110482.59,0.01738,0.68404,110310.845,343.49,110147.611101
1756196584000000000,110139.1,110482.51,0.01738,0.68404,110310.805,343.41,110147.609118
1756196585000000000,110139.1,110482.47,0.01738,0.68404,110310.785,343.37,110147.608127
1756196586000000000,110139.1,110482.42,0.01738,0.00481,110310.76,343.32,110408.000478
1756196587000000000,110139.1,110482.35,0.01738,0.68404,110310.725,343.25,110147.605154
1756196588000000000,110139.1,110482.32,0.01738,0.00481,110310.71,343.22,110407.922154
1756196589000000000,110139.1,110482.25,0.01738,0.1001,110310.675,343.15,110189.865637
1756196590000000000,110139.1,110482.21,0.01738,0.68404,110310.655,343.11,110147.601685
1756196591000000000,110139.1,110482.15,0.01738,0.68404,110310.625,343.05,110147.600198
1756196592000000000,110139.1,110482.08,0.01738,0.00104,110310.59,342.98,110462.715223
1756196593000000000,110139.1,110482.03,0.01738,0.68404,110310.565,342.93,110147.597225
1756196594000000000,110139.1,110481.99,0.01738,0.68404,110310.545,342.89,110147.596234
1756196595000000000,110139.1,110481.97,0.01738,0.68404,110310.535,342.87,110147.595738
1756196596000000000,110139.1,110481.97,0.01738,0.1001,110310.535,342.87,110189.824213
1756196597000000000,110139.1,110481.91,0.01738,0.1001,110310.505,342.81,110189.815337
1756196598000000000,110139.1,110481.85,0.01738,0.68404,110310.475,342.75,110147.592765
1756196599000000000,110139.1,110481.8,0.01738,0.00481,110310.45,342.7,110407.514872
1756196600000000000,110139.1,110481.73,0.01738,0.68404,110310.415,342.63,110147.589791
1756196601000000000,110139.1,110481.69,0.01738,0.68404,110310.395,342.59,110147.5888
1756196602000000000,110139.1,110481.62,0.01738,0.58875,110310.36,342.52,110148.921321
1756196603000000000,110139.1,110481.53,0.01738,0.68404,110310.315,342.43,110147.584836
1756196604000000000,110139.1,110481.47,0.01738,0.68404,110310.285,342.37,110147.583349
1756196605000000000,110139.1,110481.39,0.01738,0.68404,110310.245,342.29,110147.581367
1756196606000000000,110139.1,110481.39,0.01738,0.69462,110310.245,342.29,110147.455337
1756196607000000000,110139.1,110481.39,0.01738,0.69462,110310.245,342.29,110147.455337
1756196608000000000,110139.1,110481.35,0.01738,0.68404,110310.225,342.25,110147.580376
1756196609000000000,110139.1,110481.3,0.01738,0.00602,110310.2,342.2,110393.263932
1756196610000000000,110139.1,110481.29,0.01738,0.01058,110310.195,342.19,110351.806087
1756196611000000000,110139.1,110481.23,0.01738,0.68404,110310.165,342.13,110147.577402
1756196612000000000,110139.1,110481.16,0.01738,0.00577,110310.13,342.06,110395.903577
1756196613000000000,110139.1,110481.11,0.01738,0.68404,110310.105,342.01,110147.574429
1756196614000000000,110139.1,110481.07,0.01738,0.69462,110310.085,341.97,110147.447526
1756196615000000000,110139.1,110481.05,0.01738,0.69462,110310.075,341.95,110147.447038
1756196616000000000,110139.09,110481.05,0.00755,0.69462,110310.07,341.96,110142.766885
1756196617000000000,110061.44,110480.97,0.08839,0.68404,110271.205,419.53,110109.447271
1756196618000000000,110061.45,110480.91,0.0003,0.68404,110271.18,419.46,110061.633882
1756196619000000000,110061.46,110480.85,0.00837,0.68404,110271.155,419.39,110066.529676
1756196620000000000,110061.46,110480.85,0.00837,0.69462,110271.155,419.39,110066.453377
1756196621000000000,110061.46,110480.81,0.01639,0.68404,110271.135,419.35,110071.272753
1756196622000000000,110061.46,110480.75,0.01639,0.1001,110271.105,419.29,110120.453588
1756196623000000000,110061.46,110480.68,0.01639,0.01375,110271.07,419.22,110289.43
1756196624000000000,110061.46,110480.63,0.01639,0.68404,110271.045,419.17,110071.268541
1756196625000000000,110061.46,110480.59,0.01639,0.68404,110271.025,419.13,110071.267605
1756196626000000000,110061.46,110480.5,0.01639,0.00481,110270.98,419.04,110385.425358
1756196627000000000,110061.46,110480.41,0.01639,0.68404,110270.935,418.95,110071.263393
1756196628000000000,110061.47,110480.34,0.00085,0.00481,110270.905,418.87,110124.374505
1756196629000000000,110061.46,110480.27,0.01639,0.68404,110270.865,418.81,110071.260117
1756196630000000000,110061.47,110480.19,0.00085,0.00481,110270.83,418.72,110124.351979
1756196631000000000,110061.46,110480.12,0.01639,0.68404,110270.79,418.66,110071.256607
1756196632000000000,110061.47,110480.07,0.0003,0.00969,110270.77,418.6,110074.040571
1756196633000000000,110061.47,110480.02,0.0003,0.68404,110270.745,418.55,110061.653483
1756196634000000000,110061.47,110479.96,0.0003,0.68555,110270.715,418.49,110061.653053
1756196635000000000,110061.47,110479.9,0.0003,0.12232,110270.685,418.43,110062.493724
1756196636000000000,110061.47,110479.85,0.0003,0.68404,110270.66,418.38,110061.653409
1756196637000000000,110061.47,110479.81,0.0003,0.1001,110270.64,418.34,110062.72002
1756196638000000000,110061.47,110479.77,0.0003,0.1001,110270.62,418.3,110062.7199
1756196639000000000,110061.47,110479.69,0.0003,0.1001,110270.58,418.22,110062.719661
1756196640000000000,110061.47,110479.63,0.0003,0.68404,110270.55,418.16,110061.653312
1756196641000000000,110061.47,110479.57,0.0003,0.68404,110270.52,418.1,110061.653286
1756196642000000000,110061.47,110479.51,0.0003,0.68404,110270.49,418.04,110061.65326
1756196643000000000,110061.47,110479.44,0.0003,0.00481,110270.455,417.97,110086.008356
1756196644000000000,110061.47,110479.4,0.0003,0.00481,110270.435,417.93,110086.006008
1756196645000000000,110061.47,110479.33,0.0003,0.68404,110270.4,417.86,110061.653181
1756196646000000000,110061.47,110479.3,0.0003,0.00481,110270.385,417.83,110086.000137
1756196647000000000,110061.47,110479.22,0.0003,0.80636,110270.345,417.75,110061.625363
1756196648000000000,110061.47,110479.18,0.0003,0.68404,110270.325,417.71,110061.653115
1756196649000000000,110061.47,110479.11,0.0003,0.00481,110270.29,417.64,110085.988982
1756196650000000000,110061.47,110479.05,0.0003,0.0002,110270.26,417.58,110312.018
1756196651000000000,110061.47,110478.99,0.0003,0.00481,110270.23,417.52,110085.981937
1756196652000000000,110061.47,110478.92,0.0003,0.1001,110270.195,417.45,110062.717361
1756196653000000000,110061.47,110478.84,0.0003,0.68885,110270.155,417.37,110061.651689
1756196654000000000,110061.47,110478.78,0.0003,0.69298,110270.125,417.31,110061.650581
1756196655000000000,110061.47,110478.7,0.0003,0.68404,110270.085,417.23,110061.652905
1756196656000000000,110061.47,110478.63,0.0003,0.00481,110270.05,417.16,110085.960802
1756196657000000000,110061.47,110478.56,0.0003,0.1001,110270.015,417.09,110062.716285
1756196658000000000,110061.47,110478.48,0.0003,0.68404,110269.975,417.01,110061.652808
1756196659000000000,110061.48,110478.42,0.08922,0.1001,110269.95,416.94,110257.969472
1756196660000000000,110061.48,110478.36,0.08922,0.68404,110269.92,416.88,110109.580294
1756196661000000000,110061.49,110478.3,0.00073,0.1001,110269.895,416.81,110064.507666
1756196662000000000,110061.49,110478.23,0.00073,0.12232,110269.86,416.74,110063.96233
1756196663000000000,110061.5,110478.16,0.08922,0.68404,110269.83,416.66,110109.57491
1756196664000000000,110061.5,110478.1,0.08922,0.68404,110269.8,416.6,110109.567987
1756196665000000000,110061.5,110478.04,0.08922,0.68404,110269.77,416.54,110109.561065
1756196666000000000,110061.5,110477.99,0.08922,0.00481,110269.745,416.49,110456.684918
1756196667000000000,110061.5,110477.94,0.08922,0.1001,110269.72,416.44,110257.753839
1756196668000000000,110061.5,110477.84,0.08922,0.68404,110269.67,416.34,110109.537988
1756196669000000000,110061.5,110477.75,0.08922,0.70393,110269.625,416.25,110108.323205
1756196670000000000,110061.5,110477.66,0.08922,0.12232,110269.58,416.16,110237.021392
1756196671000000000,110061.5,110477.59,0.08922,0.68404,110269.545,416.09,110109.509143
1756196672000000000,110061.5,110477.51,0.08922,0.00481,110269.505,416.01,110456.229471
1756196673000000000,110061.5,110477.44,0.08922,0.68404,110269.47,415.94,110109.491836
1756196674000000000,110061.5,110477.36,0.08922,0.68404,110269.43,415.86,110109.482605
1756196675000000000,110061.5,110477.3,0.08922,0.68404,110269.4,415.8,110109.475682
1756196676000000000,110061.51,110477.22,0.00868,0.68404,110269.365,415.71,110066.718977
1756196677000000000,110061.51,110477.15,0.0979,0.00481,110269.33,415.64,110457.685212
1756196678000000000,110061.51,110477.1,0.0979,0.68404,110269.305,415.59,110113.542459
1756196679000000000,110061.52,110477.04,0.00954,0.68404,110269.28,415.52,110067.235362
1756196680000000000,110061.52,110476.98,0.00954,0.1001,110269.25,415.46,110097.670022
1756196681000000000,110061.53,110476.91,0.08922,0.58394,110269.22,415.38,110116.584079
1756196682000000000,110061.54,110476.86,0.00175,0.1001,110269.2,415.32,110068.676082
1756196683000000000,110061.54,110476.78,0.00175,0.68404,110269.16,415.24,110062.59961
1756196684000000000,110061.54,110476.71,0.00175,0.00151,110269.125,415.17,110284.407331
1756196685000000000,110061.54,110476.64,0.09097,0.68404,110269.09,415.1,110110.264077
1756196686000000000,110061.54,110476.57,0.09097,0.68404,110269.055,415.03,110110.255861
1756196687000000000,110061.54,110476.5,0.09097,0.00481,110269.02,414.96,110455.661019
1756196688000000000,110061.54,110476.43,0.09097,0.68404,110268.985,414.89,110110.239427
1756196689000000000,110061.54,110476.38,0.09097,0.00481,110268.96,414.84,110455.547045
1756196690000000000,110061.54,110476.33,0.09097,0.68404,110268.935,414.79,110110.22769
1756196691000000000,110061.54,110476.25,0.09097,0.68404,110268.895,414.71,110110.218299
1756196692000000000,110061.54,110476.18,0.09097,0.00481,110268.86,414.64,110455.357089
1756196693000000000,110061.55,110476.11,0.00073,0.1001,110268.83,414.56,110064.551377
1756196694000000000,110061.56,110476.03,0.08922,0.68404,110268.795,414.47,110109.382225
1756196695000000000,110061.56,110475.99,0.08922,0.1001,110268.775,414.43,110256.866595
1756196696000000000,110061.56,110475.91,0.08922,0.68404,110268.735,414.35,110109.368379
1756196697000000000,110061.56,110475.85,0.08922,0.1001,110268.705,414.29,110256.800618
1756196698000000000,110061.56,110475.81,0.08922,0.69462,110268.685,414.25,110108.711695
1756196699000000000,110061.56,110475.77,0.08922,0.68404,110268.665,414.21,110109.352225
1756196700000000000,110061.56,110475.71,0.08922,0.68404,110268.635,414.15,110109.345302
1756196701000000000,110061.56,110475.65,0.08922,0.1001,110268.605,414.09,110256.706365
1756196702000000000,110061.56,110475.59,0.08922,0.68404,110268.575,414.03,110109.331457
1756196703000000000,110061.58,110475.52,0.08922,0.00481,110268.55,413.94,110454.34536
1756196704000000000,110061.58,110475.49,0.08922,0.68885,110268.535,413.91,110109.042375
1756196705000000000,110061.58,110475.42,0.08922,0.12232,110268.5,413.84,110236.122899
1756196706000000000,110061.58,110475.34,0.08922,0.00481,110268.46,413.76,110454.174568
1756196707000000000,110061.58,110475.31,0.08922,0.80636,110268.445,413.73,110102.796855
1756196708000000000,110061.58,110475.27,0.08922,0.68404,110268.425,413.69,110109.312227
1756196709000000000,110061.58,110475.22,0.08922,0.00481,110268.4,413.64,110454.060706
1756196710000000000,110061.58,110475.15,0.08922,0.1001,110268.365,413.57,110256.481307
1756196711000000000,110061.58,110475.09,0.08922,0.1001,110268.335,413.51,110256.453031
1756196712000000000,110061.58,110475.03,0.08922,0.68404,110268.305,413.45,110109.284535
1756196713000000000,110061.58,110474.97,0.08922,0.68404,110268.275,413.39,110109.277612
1756196714000000000,110061.58,110474.9,0.08922,0.00481,110268.24,413.32,110453.757075
1756196715000000000,110061.58,110474.85,0.08922,0.1001,110268.215,413.27,110256.339927
1756196716000000000,110061.58,110474.77,0.08922,0.68404,110268.175,413.19,110109.254536
1756196717000000000,110061.58,110474.73,0.08922,0.1001,110268.155,413.15,110256.283375
1756196718000000000,110061.58,110474.65,0.08922,0.68404,110268.115,413.07,110109.24069
1756196719000000000,110061.58,110474.6,0.08922,0.0092,110268.09,413.02,110435.992156
1756196720000000000,110061.58,110474.55,0.08922,0.1001,110268.065,412.97,110256.198547
1756196721000000000,110061.58,110474.49,0.08922,0.12232,110268.035,412.91,110235.730658
1756196722000000000,110061.58,110474.44,0.08922,0.68404,110268.01,412.86,110109.21646
1756196723000000000,110061.58,110474.4,0.08922,0.68404,110267.99,412.82,110109.211845
1756196724000000000,110061.58,110474.38,0.08922,0.1001,110267.98,412.8,110256.118432
1756196725000000000,110061.58,110474.34,0.08922,0.68404,110267.96,412.76,110109.204922
1756196726000000000,110061.59,110474.28,0.00105,0.68404,110267.935,412.69,110062.222507
1756196727000000000,110061.6,110474.23,0.08922,0.12713,110267.915,412.63,110231.763386
1756196728000000000,110061.6,110474.18,0.08922,0.1001,110267.89,412.58,110256.034754
1756196729000000000,110061.6,110474.13,0.08922,0.00481,110267.865,412.53,110453.027487
1756196730000000000,110061.6,110474.13,0.08922,0.01209,110267.865,412.53,110424.900036
1756196731000000000,110061.6,110474.13,0.08922,0.01209,110267.865,412.53,110424.900036
1756196732000000000,110061.6,110474.13,0.08922,0.01209,110267.865,412.53,110424.900036
1756196733000000000,110061.6,110474.11,0.08922,0.68404,110267.855,412.51,110109.196077
1756196734000000000,110061.6,110474.06,0.08922,0.00481,110267.83,412.46,110452.961068
1756196735000000000,110061.6,110474.01,0.08922,0.68404,110267.805,412.41,110109.184538
1756196736000000000,110061.6,110473.95,0.08922,0.1001,110267.775,412.35,110255.926363
1756196737000000000,110061.6,110473.89,0.08922,0.68404,110267.745,412.29,110109.170693
1756196738000000000,110061.62,110473.83,0.09027,0.68404,110267.725,412.21,110109.675942
1756196739000000000,110061.62,110473.76,0.09027,0.00481,110267.69,412.14,110452.910259
1756196740000000000,110061.62,110473.69,0.09027,0.68404,110267.655,412.07,110109.659621
1756196741000000000,110061.62,110473.61,0.09027,0.1001,110267.615,411.99,110256.978183
1756196742000000000,110061.63,110473.57,0.00257,0.68404,110267.6,411.94,110063.171903
1756196743000000000,110061.64,110473.49,0.08922,0.68404,110267.565,411.85,110109.159925
1756196744000000000,110061.64,110473.44,0.08922,0.00481,110267.54,411.8,110452.374829
1756196745000000000,110061.64,110473.37,0.08922,0.68404,110267.505,411.73,110109.146079
1756196746000000000,110061.64,110473.31,0.08922,0.68404,110267.475,411.67,110109.139156
1756196747000000000,110061.64,110473.25,0.08922,0.10491,110267.445,411.61,110250.811402
1756196748000000000,110061.64,110473.18,0.08922,0.01508,110267.41,411.54,110413.678339
1756196749000000000,110061.64,110473.13,0.08922,0.1001,110267.385,411.49,110255.561074
1756196750000000000,110061.64,110473.05,0.08922,0.1001,110267.345,411.41,110255.523373
1756196751000000000,110061.64,110473.02,0.08922,0.68404,110267.33,411.38,110109.105695
1756196752000000000,110061.64,110472.94,0.08922,0.68404,110267.29,411.3,110109.096465
1756196753000000000,110061.64,110472.91,0.08922,0.00481,110267.275,411.27,110451.871941
1756196754000000000,110061.64,110472.86,0.08922,0.68404,110267.25,411.22,110109.087234
1756196755000000000,110061.64,110472.78,0.08922,0.1001,110267.21,411.14,110255.396131
1756196756000000000,110061.64,110472.75,0.08922,0.00481,110267.195,411.11,110451.720125
1756196757000000000,110061.64,110472.69,0.08922,0.1001,110267.165,411.05,110255.353718
1756196758000000000,110061.64,110472.61,0.08922,0.68404,110267.125,410.97,110109.058389
1756196759000000000,110061.64,110472.56,0.08922,0.00481,110267.1,410.92,110451.539845
1756196760000000000,110061.64,110472.49,0.08922,0.68404,110267.065,410.85,110109.044543
1756196761000000000,110061.64,110472.41,0.08922,0.00481,110267.025,410.77,110451.397518
1756196762000000000,110061.63,110472.32,0.00257,0.68404,110266.975,410.69,110063.167224
1756196763000000000,110061.63,110472.24,0.00257,0.68404,110266.935,410.61,110063.166924
1756196764000000000,110061.63,110472.18,0.00257,0.68404,110266.905,410.55,110063.1667
1756196765000000000,110061.63,110472.18,0.00257,0.1001,110266.905,410.55,110071.906746
1756196766000000000,110061.63,110472.14,0.00257,0.1001,110266.885,410.51,110071.905745
1756196767000000000,110061.63,110472.07,0.00257,0.68404,110266.85,410.44,110063.166288
1756196768000000000,110061.63,110472,0.00257,0.58394,110266.815,410.37,110063.428181
1756196769000000000,110061.63,110471.93,0.00257,0.68404,110266.78,410.3,110063.165764
1756196770000000000,110061.63,110471.86,0.00257,0.00481,110266.745,410.23,110204.487873
1756196771000000000,110061.63,110471.79,0.00257,0.68404,110266.71,410.16,110063.16524
1756196772000000000,110061.63,110471.71,0.00257,0.68404,110266.67,410.08,110063.164941
1756196773000000000,110061.63,110471.66,0.00257,0.00481,110266.645,410.03,110204.418225
