ts_ns,px,qty
1756195625000000000,110507.95,0.0834
1756195626000000000,110507.87,0.082
1756195627000000000,110507.86,0.0806
1756195628000000000,110507.86,0.07930000000000001
1756195629000000000,110507.86,0.078
1756195630000000000,110507.87,0.0767
1756195631000000000,110507.85,0.07540000000000001
1756195632000000000,110507.85,0.0742
1756195633000000000,110507.85,0.07300000000000001
1756195634000000000,110507.85,0.0718
1756195635000000000,110507.85,0.07060000000000001
1756195636000000000,110507.83,0.0695
1756195637000000000,110507.82,0.0683
1756195638000000000,110507.82,0.06720000000000001
1756195639000000000,110507.81,0.0661
1756195640000000000,110507.79000000001,0.065
1756195641000000000,110507.81,0.0639
1756195642000000000,110507.75,0.0629
1756195643000000000,110507.69,0.0618
1756195644000000000,110507.61,0.0608
1756195645000000000,110507.65000000001,0.059800000000000006
1756195646000000000,110507.57,0.058800000000000005
1756195647000000000,110507.56,0.0579
1756195648000000000,110507.55,0.0048000000000000004
1756195649000000000,110507.51000000001,0.0568
1756195650000000000,110507.48,0.0045000000000000005
1756195651000000000,110507.39,0.0558
1756195652000000000,110507.32,0.0045000000000000005
1756195653000000000,110507.27,0.054900000000000004
1756195654000000000,110507.19,0.054
1756195655000000000,110507.12,0.0045000000000000005
1756195656000000000,110507.12,0.053000000000000005
1756195657000000000,110507.12,0.0521
1756195658000000000,110507.08,0.051300000000000005
1756195659000000000,110507.06,0.0504
1756195660000000000,110507.06,0.049600000000000005
1756195661000000000,110507.04000000001,0.0488
1756195662000000000,110507.04000000001,0.047900000000000005
1756195663000000000,110507.02,0.0471
1756195664000000000,110507.0,0.046400000000000004
1756195665000000000,110507.0,0.0456
1756195666000000000,110507.0,0.0448
1756195667000000000,110506.98,0.0441
1756195668000000000,110506.98,0.0434
1756195669000000000,110506.98,0.0427
1756195670000000000,110506.96,0.0419
1756195671000000000,110506.96,0.0412
1756195672000000000,110506.94,0.040600000000000004
1756195673000000000,110506.94,0.039900000000000005
1756195674000000000,110506.92,0.0391
1756195675000000000,110506.90000000001,0.0386
1756195676000000000,110506.85,0.0379
1756195677000000000,110506.85,0.0373
1756195678000000000,110506.85,0.0367
1756195679000000000,110506.85,0.0361
1756195680000000000,110506.81,0.035500000000000004
1756195681000000000,110506.81,0.0349
1756195682000000000,110506.77,0.034300000000000004
1756195683000000000,110506.77,0.0337
1756195684000000000,110506.74,0.0332
1756195685000000000,110506.74,0.032600000000000004
1756195686000000000,110506.74,0.032100000000000004
1756195687000000000,110506.7,0.0315
1756195688000000000,110506.69,0.006
1756195689000000000,110506.68000000001,0.0309
1756195690000000000,110506.68000000001,0.0304
1756195691000000000,110506.66,0.029900000000000003
1756195692000000000,110506.66,0.029400000000000003
1756195693000000000,110506.64,0.028900000000000002
1756195694000000000,110506.64,0.0284
1756195695000000000,110506.64,0.0279
1756195696000000000,110506.64,0.0275
1756195697000000000,110506.6,0.027
1756195698000000000,110506.6,0.026600000000000002
1756195699000000000,110506.48,0.0261
1756195700000000000,110506.38,0.0002
1756195701000000000,110506.37,0.0257
1756195702000000000,110506.37,0.0252
1756195703000000000,110506.37,0.024800000000000003
1756195704000000000,110506.37,0.0244
1756195705000000000,110506.35,0.024
1756195706000000000,110506.31,0.0235
1756195707000000000,110506.27,0.023200000000000002
1756195708000000000,110506.27,0.0228
1756195709000000000,110506.23,0.0224
1756195710000000000,110506.23,0.0221
1756195711000000000,110506.2,0.0217
1756195712000000000,110506.15000000001,0.0212
1756195713000000000,110506.14,0.006
1756195714000000000,110506.13,0.020900000000000002
1756195715000000000,110506.13,0.0205
1756195716000000000,110506.08,0.0045000000000000005
1756195717000000000,110506.09,0.0201
1756195718000000000,110506.07,0.0198
1756195719000000000,110506.06,0.0031000000000000003
1756195720000000000,110505.99,0.0194
1756195721000000000,110506.02,0.0031000000000000003
1756195722000000000,110506.03,0.019
1756195723000000000,110505.97,0.0187
1756195724000000000,110506.02,0.0031000000000000003
1756195725000000000,110505.98,0.0183
1756195726000000000,110505.92,0.018000000000000002
1756195727000000000,110505.92,0.0048000000000000004
1756195728000000000,110505.85,0.0176
1756195729000000000,110505.90000000001,0.0048000000000000004
1756195730000000000,110505.85,0.0172
1756195731000000000,110505.85,0.017
1756195732000000000,110505.83,0.0167
1756195733000000000,110505.83,0.0164
1756195734000000000,110505.82,0.006
1756195735000000000,110505.77,0.016
1756195736000000000,110505.77,0.015700000000000002
1756195737000000000,110505.77,0.0155
1756195738000000000,110505.75,0.0152
1756195739000000000,110505.68000000001,0.0048000000000000004
1756195740000000000,110505.73,0.0149
1756195741000000000,110505.65000000001,0.0048000000000000004
1756195742000000000,110505.64,0.0146
1756195743000000000,110505.64,0.0143
1756195744000000000,110505.62,0.014100000000000001
1756195745000000000,110505.54000000001,0.013800000000000002
1756195746000000000,110505.46,0.013600000000000001
1756195747000000000,110505.38,0.0048000000000000004
1756195748000000000,110505.37,0.013300000000000001
1756195749000000000,110505.35,0.0131
1756195750000000000,110505.31,0.0128
1756195751000000000,110505.31,0.0126
1756195752000000000,110505.25,0.012400000000000001
1756195753000000000,110505.17,0.0122
1756195754000000000,110505.18000000001,0.0048000000000000004
1756195755000000000,110505.16,0.006
1756195756000000000,110505.07,0.0117
1756195757000000000,110505.01000000001,0.011600000000000001
1756195758000000000,110505.01000000001,0.0114
1756195759000000000,110504.98,0.0048000000000000004
1756195760000000000,110504.95,0.0111
1756195761000000000,110504.94,0.0076
1756195762000000000,110504.89,0.0108
1756195763000000000,110504.85,0.0106
1756195764000000000,110504.78,0.010400000000000001
1756195765000000000,110504.8,0.0103
1756195766000000000,110504.75,0.010100000000000001
1756195767000000000,110504.71,0.01
1756195768000000000,110504.64,0.01
1756195769000000000,110504.64,0.01
1756195770000000000,110504.61,0.0048000000000000004
1756195771000000000,110504.58,0.01
1756195772000000000,110504.56,0.01
1756195773000000000,110504.56,0.01
1756195774000000000,110504.54000000001,0.01
1756195775000000000,110504.5,0.0048000000000000004
1756195776000000000,110504.49,0.01
1756195777000000000,110504.40000000001,0.01
1756195778000000000,110504.34,0.0048000000000000004
1756195779000000000,110504.37,0.0009000000000000001
1756195780000000000,110504.18000000001,0.0048000000000000004
1756195781000000000,110504.11,0.0048000000000000004
1756195782000000000,110504.09,0.0057
1756195783000000000,110504.06,0.01
1756195784000000000,110503.99,0.0048000000000000004
1756195785000000000,110503.91,0.01
1756195786000000000,110503.86,0.01
1756195787000000000,110503.82,0.01
1756195788000000000,110503.82,0.01
1756195789000000000,110503.79000000001,0.01
1756195790000000000,110503.75,0.01
1756195791000000000,110503.71,0.01
1756195792000000000,110503.69,0.01
1756195793000000000,110503.62,0.01
1756195794000000000,110503.62,0.01
1756195795000000000,110503.62,0.01
1756195796000000000,110503.62,0.01
1756195797000000000,110503.54000000001,0.01
1756195798000000000,110503.52,0.01
1756195799000000000,110503.46,0.01
1756195800000000000,110503.38,0.01
1756195801000000000,110503.31,0.01
1756195802000000000,110503.29000000001,0.01
1756195803000000000,110503.24,0.01
1756195804000000000,110503.17,0.01
1756195805000000000,110503.09,0.01
1756195806000000000,110503.04000000001,0.0048000000000000004
1756195807000000000,110502.98,0.0094
1756195808000000000,110502.89,0.01
1756195809000000000,110502.92,0.0048000000000000004
1756195810000000000,110502.86,0.01
1756195811000000000,110502.78,0.01
1756195812000000000,110502.72,0.01
1756195813000000000,110502.72,0.01
1756195814000000000,110502.63,0.0048000000000000004
1756195815000000000,110502.62,0.01
1756195816000000000,110502.62,0.01
1756195817000000000,110502.61,0.0009000000000000001
1756195818000000000,110502.56,0.01
1756195819000000000,110502.56,0.01
1756195820000000000,110502.49,0.01
1756195821000000000,110502.37,0.01
1756195822000000000,110502.32,0.01
1756195823000000000,110502.25,0.0048000000000000004
1756195824000000000,110502.29000000001,0.01
1756195825000000000,110502.22,0.0048000000000000004
1756195826000000000,110502.29000000001,0.01
1756195827000000000,110502.22,0.0048000000000000004
1756195828000000000,110502.23,0.01
1756195829000000000,110502.19,0.01
1756195830000000000,110502.12,0.01
1756195831000000000,110502.02,0.01
1756195832000000000,110502.04000000001,0.0095
